1822 2957
710 244 903 273 — 101 —
168 337 1448 379 {tsarevna munis va pi̮ri̮s i mu pi̮ri̮s i vit̕śkoe̮ suvtis med vod̕ź vi̮las;}
168 398 1450 440 {popi̮s ńi d̕aki̮s ez vermi̮ni̮ śi̮vni̮s, je̮zi̮s ez vermi̮ni̮ jurbitni̮s, vek}
166 458 1450 499 {šenźisni̮, jen al̕i mort taje̮. kor śi̮vśis, marpida tsarevna petis}
167 518 1448 560 {kil̕t̕śe̮ ponas i voši. marpida tsarevna munis mu pi̮ri̮s i va pi̮ri̮s,}
167 579 1448 622 {i be̮r pat̕t̕śeras kajis. mami̮s loktis da i viśtale̮: »te ve̮d, ni̮le̮i̭, ńi-}
167 639 1450 681 {ne̮m on te̮dli̮, a talun vit̕śkoe̮ volis — og te̮de̮i̭ jen al̕i mort: popja-}
167 700 1450 741 {si̮s ez vermi̮ni̮ śi̮vni̮ se̮, je̮zi̮s ez vermi̮ni̮ jurbitni̮s!» marpida tsa-}
167 761 1449 802 {revna zev jona śerale̮. seśśa bara kutis korni̮ paś-ke̮m: »mame̮i̭, ma-}
167 821 1451 862 {me̮i̭, ku₍tše̮m-ke̮ džodž-de̮ra šoi̭te̮ vai̭!» mami̮s šuas: »mun te pat̕t̕śer-}
166 880 1449 922 {sere̮gad, śe̮late̮ kušti̮!» marpida tsarevna pat̕t̕śer-sere̮gas śeralas da}
166 941 298 974 {śeralas.}
270 1001 1449 1041 {me̮d lun mami̮sjas bara vit̕śkoe̮ munisni̮. marpida tsarevna}
169 1060 1449 1102 {bara ge̮be̮₍t̕śas pi̮ris, pipili̮s se̮ke̮l sije̮s paśte̮dis t̕śig biśere̮n. seśśa}
169 1120 1450 1162 {bara mu pi̮ri̮s i va pi̮ri̮s munis, vit̕śkoe̮ pi̮ris i suvtis med vo₍d̕źe̮.}
168 1250 1449 1290 felder und flüsse, trat in die kirche und stellte sich zu allervor-
169 1310 1450 1355 derst hin;] weder der priester noch der diakon vermochte vorzu-
169 1371 1449 1413 singen, das volk konnte sich nicht verbeugen, immer nur [fragten
168 1431 1451 1471 sie sich] verwundert, ob sie Gott oder ein mensch sei. Als der
169 1491 1451 1533 gottesdienst zu ende war, ging prinzess Martha in den vorflur [der
168 1551 1451 1592 kirche] und verschwand. Prinzess Martha wanderte über felder
168 1611 1446 1651 und flüsse und kletterte [heimgekommen] auf den ofen zurück.
170 1672 1448 1714 Die mutter kam [aus der kirche nachhause] und erzählt: »Du, mein
168 1731 1450 1771 töchterlein, weisst ja nichts, aber heute kam in die kirche — wir
168 1791 1450 1832 wissen nicht, ob Gott oder ein mensch: die priester konnten nicht
168 1852 1451 1893 vorsingen, das volk konnte sich nicht verbeugen!» Prinzess Martha
168 1913 1450 1953 lacht sehr. Dann begann sie wieder um kleider zu bitten: »Müt-
168 1973 1452 2013 terchen, mein mütterchen, gib mir irgendeinen dielenmattenfetzen!»
169 2033 1450 2073 Die mutter sagt: »Geh du in die hintere ecke des ofendachs, rupfe
171 2093 1449 2134 [dort] das haselhuhn!» Prinzess Martha lacht in der ecke auf dem
169 2152 465 2185 ofen und lacht.
270 2212 1448 2253 Am folgenden tage gingen die eltern wieder in die kirche.
168 2272 1450 2313 Prinzess Martha ging wieder in das kellergeschoss, der falke Pipi-
167 2332 1450 2372 lys kleidet sie in lauter perlen. Dann wanderte sie wieder über
167 2393 1449 2432 felder und flüsse, trat in die kirche und stellte sich zu allervor-
168 2453 1449 2493 derst hin. Wieder konnten sie nicht singen noch sich verbeugen,
