1803 2969
909 303 1100 332 — 134 —
365 394 1651 436 {babase̮ kurt̕t̕śalni̮, — pel̕jasse̮ i ki̮ti śure̮. babai̮s be̮rde̮ mi̮nte̮t̕t̕śe̮ si̮i̮ś}
361 455 1649 498 {da oz vermi̮. seśśa pondas mol̕itvajas li̮d̕ji̮ni̮ i drug kerka-e̮₍d̕źe̮si̮s}
360 515 1650 559 {vośśas i pi̮rasni̮ ki̮k starik da i torje̮dasni̮ i babali̮ šuve̮ni̮: »pet}
362 576 1650 619 {da mun i suśedad ki̮te̮n-ke̮ uź; a aski lok da kerkate̮ taje̮s e̮zti̮ i kor}
361 637 1647 680 {pondas bi-keńi̮s rezni̮ boke̮, sije̮s bi̮dse̮n i̮₍dži̮d roske̮n t̕śi̮ški̮ bias.}
362 698 1647 741 {kerkaśi̮d ńem-tor en petke̮d, med pokońńiki̮d i ske̮ti̮d bi̮dse̮n sot̕t̕śas!}
360 759 1649 800 {pet mun regi̮dži̮k! mijanli̮ kole̮ me̮dlae̮ munni̮. ta₍tše̮m d̕ive̮i̮s i me̮d-}
362 819 1649 862 {lai̮n em.» baba i juvale̮ nije̮li̮ś: »ti ne̮, bur mortjas, kodjas aśni̮d?»}
360 880 1648 923 {»mi» pe̮ »ize̮śim da savvat̕ḙi̭!» i munasni̮ kujimna·ni̮s a po-}
360 941 1646 984 {końńik kol̕e̮ma kerkaas. askinas baba loktas i ki̮d̕ź vele̮disni̮ sije̮s,}
359 1002 1646 1044 {si₍d̕źi i ve̮₍t̕śas. kor bi-keńjas pondisni̮ kai̭ni̮ i rezni̮, bi̮dse̮n ve̮le̮ma}
361 1061 1648 1104 {le̮z gag. babai̮s sije̮s bi̮dse̮n t̕śi̮škas bias, i sot̕t̕śisni̮. — sije̮ kuli̮ś-}
358 1123 1566 1165 {mort ve̮le̮ma jona te̮di̮ś; si̮li̮ś te̮de̮mse̮ babai̮s abi̮ te̮dle̮ma e̮ne̮d̕ź.»}
362 1247 1647 1288 und beginnt seine frau zu beissen, — in ihre ohren, und wo er
358 1308 1646 1349 gerade hinkommt. Die frau sucht sich weinend von ihm loszu-
358 1368 1648 1410 machen, kann es aber nicht. Dann beginnt sie gebete herzusa-
358 1429 1646 1468 gen, und plötzlich öffnet sich die tür, und herein treten zwei
358 1488 1646 1528 greise, trennen [sie] und sagen zu der alten: »Geh hinaus und
358 1547 1645 1589 schlafe bei einem deiner nachbarn; morgen aber komme und
362 1608 1645 1648 stecke dieses dein haus in brand, und wenn die feuerfunken zur
360 1669 1643 1708 seite zu fliegen beginnen, so kehre sie alle miteinander mit einem
360 1728 1644 1770 grossen besen ins feuer [zurück]. Aus dem hause trage nichts
363 1789 1644 1829 heraus, damit dein toter und dein vieh ganz verbrenne! Geh
359 1848 1644 1889 schleunigst hinaus! Wir müssen [noch] anders wohin gehen. Ein
361 1909 1643 1949 solches wunder geschieht noch an einem anderen orte.» Die frau
358 1968 1643 2009 fragt sie: »Wer seid ihr denn selber, lieben männer?» »Wir sind
361 2029 1642 2069 Zosimas und Sabbatius»\1\. Und sie gehen alle drei fort, der ver-
359 2088 1643 2129 storbene aber blieb in der stube zurück. Am folgenden tag kommt
362 2148 1642 2189 die frau herbei und tut, wie sie ihr geraten hatten. Als die feuer-
359 2208 1644 2249 funken in die höhe zu steigen und herumzufliegen begannen, wa-
361 2267 1641 2308 ren sie alle wie blaue käfer. Die frau kehrt sie alle ins feuer,
362 2328 1642 2369 und sie verbrannten. — Der tote mann war ein grosser wahrsa-
357 2389 1642 2428 ger gewesen; von seinen künsten hatte seine frau vorher keine
358 2448 653 2488 ahnung gehabt.
459 2535 1144 2573 \1\ Zwei heilige des klosters Solovetsk.
