1803 2946
926 241 1098 269 — 78 —
368 331 1656 373 {seśśa sije̮s ńi̮li̮štas. seśśa munas da si̮li̮ pani̮d loe̮ i₍d̕źas-dod̕ja d̕a̭d̕e̮.}
368 391 1652 434 {sije̮ šuas: »d̕a̭d̕uška, mi̮i̭-ke̮ me teni̮d śi̮la!» d̕a̭d̕e̮ šuas: »kužan-ke̮,}
367 453 798 494 {śi̮v!» sije̮ śi̮vni̮ kutas:}
728 537 1153 578 {»t̕śe̮rsa tupi̮l̕ae̮s ńi̮li̮šti,}
728 598 1138 638 {rektana babae̮s ńi̮li̮šti,}
728 657 1090 698 {t̕śera d̕a̭d̕e̮e̮s ńi̮li̮šti,}
727 718 1181 760 {pes-dod̕ja d̕a̭d̕e̮e̮s ńi̮li̮šti,}
727 779 1194 819 {kraž-dod̕ja d̕a̭d̕e̮e̮s ńi̮li̮šti,}
727 839 1074 872 {me i tene̮ ńi̮li̮šta!»}
366 934 1656 976 {seśśa sije̮s ńi̮li̮štas. mune̮ da si̮li̮ pani̮d loe̮ turun-dod̕ja d̕ad̕e̮. sije̮}
365 994 1653 1036 {šuas: »d̕a̭d̕uška, me teni̮d mi̮i̭-ke̮ śi̮la, dod̕ vi̮lad pukśa da!» »śi̮v,}
366 1055 904 1096 {kužan-ke̮!» sije̮ śi̮vni̮ kutas:}
725 1140 1152 1182 {»t̕śe̮rsa tupi̮l̕ae̮s ńi̮li̮šti,}
726 1201 1139 1239 {rektana babae̮s ńi̮li̮šti,}
725 1261 1087 1302 {t̕śera d̕a̭d̕e̮e̮s ńi̮li̮šti,}
469 1391 1651 1432 Darauf verschlingt es ihn. Dann zieht es weiter, und ihm
366 1450 1652 1493 entgegen kommt ein mann mit einer fuhre stroh. Es sagt: »Lieber
366 1511 1650 1552 onkel, etwas will ich dir singen!» Der mann sagt: »Wenn du [es]
365 1572 1180 1612 kannst, so singe!» Es beginnt zu singen:
417 1666 1429 1707 »Die spindel und den knäuel hab' ich verschlungen,
417 1727 1268 1767 die alte samt haspel hab' ich verschlungen,
417 1787 1328 1827 den alten samt der akt hab' ich verschlungen,
417 1846 1570 1887 einen mann samt seiner fuhre scheite hab' ich verschlungen,
416 1907 1567 1947 einen mann samt seiner fuhre klötze hab' ich verschlungen,
419 1966 1157 2008 [und nun] verschlinge ich auch dich!»
469 2061 1650 2101 Darauf verschlingt es ihn. Es zieht weiter, und ihm entge-
363 2120 1647 2161 gen kommt ein mann mit einer fuhre heu. Es sagt: »Lieber onkel,
362 2180 1650 2221 ich werde dir etwas singen, in deinen schlitten setze ich mich!»
363 2240 1420 2282 »Singe, wenn du [es] kannst!» Es beginnt zu singen:
414 2326 1430 2367 »Die spindel und den knäuel hab' ich verschlungen,
416 2385 1270 2425 die alte samt haspel hab' ich verschlungen,
416 2446 1329 2486 den alten samt der azt hab' ich verschlungen,
