1812 2952
718 250 891 278 — 57 —
524 341 883 381 {šondi-bane̮i̭, babae̮i̭,}
524 402 883 442 {bur ki̮v gore̮d̕t̕śi̮śe̮i̭!}
521 461 1159 504 {kodi kutas ńebi̮d ńa̭ń pe̮žavni̮ se̮?}
524 521 1159 564 {kodi kutas vol̕-paśse̮ vol̕savni̮ se̮?»}
267 616 1442 659 {starikle̮n śe̮le̮mi̮s normas burmas. rut̕śli̮ mi̮nti̮śas da le₍d̕źas}
781 779 830 808 20.
645 861 966 901 {ńori̮ma d̕a̭d̕e̮.}
267 946 1446 989 {važe̮n olis vi̮lis ńori̮ma d̕a̭d̕e̮. sije̮ e̮t̕t̕śi̮d pi̮ris e̮t̕ik kerkae̮ i}
163 1008 1446 1050 {ve̮zji̮śis uźni̮. seni olis e̮t̕ik t̕e̮tka. »t̕e̮tka, t̕e̮tka, ki̮t̕t̕śe̮ že̮ me pukta}
163 1067 1446 1108 {aśśi̮m ke̮tie̮s?» »kure̮g dine̮ ši̮bi̮ti̮št da i!» voji̮n t̕e̮tka ummovśas,}
163 1127 1444 1161 {a d̕a̭d̕e̮ t̕śḙt̕t̕śas da ke̮tise̮ i kośavlas. aski t̕śḙt̕t̕śasni̮. d̕a̭d̕e̮ šuas:}
164 1187 1447 1229 {»meńt̕śi̮m kure̮gjasi̮d ke̮tie̮s kośavle̮mae̮ś! me sud̕it̕t̕śi̮ni̮ muna!» t̕e̮tka}
163 1247 1446 1288 {šue̮: »en, en mun, med bur kure̮ge̮s śeta!» d̕a̭d̕e̮ kure̮ge̮s bośtas da}
420 1376 1029 1414 mein sönnchen, mein weibchen,
419 1437 939 1478 guter worte sprecherin du!
419 1495 1123 1537 Wer backt [nunmehr] weiches brot?
420 1557 1155 1597 Wer macht [mir nunmehr] das bett?»
267 1650 1445 1690 Des mannes herz wird weich, beruhigt sich. Er bezahlt den
163 1710 678 1751 fuchs und lässt ihn gehen.
1106 1753 1344 1794 (Ust̕sysol̕sk.)
782 1859 831 1888 20.
596 1934 1014 1973 Der alte {ńori̮ma}
266 2019 1446 2059 Vorzeiten lebte der alte ńori̮ma. Er ging einmal in ein haus
164 2078 1444 2119 und bat die nacht [daselbst] schlafen zu dürfen. Darin [in dem
164 2138 1446 2178 hause] wohnte eine frau. »Mein tantchen, mein tantchen, wo soll
162 2198 1448 2232 ich meine schuhe hinstellen?» »Wirf sie nur dort zu den hühnern!»
165 2259 1444 2297 In der nacht schläft die frau ein, der alte aber steht auf und
163 2319 1445 2359 reisst seine schuhe entzwei. Am morgen stehen sie auf. Der alte
162 2379 1446 2420 sagt: »Deine hühner haben mir meine schuhe zerrissen!» Ich gehe
166 2439 1445 2480 [deswegen] vor gericht!» Die frau sagt: »Gehe nicht, gehe nicht,
