1802 2942
952 224 974 253 -
998 224 1038 253 28
1061 240 1103 243 —

375 317 500 358 pomlas
524 320 621 350 f'serse
644 318 769 357 d'zebni,
795 329 814 349 a
839 318 913 350 hara
940 318 1047 359 kaijas
1071 320 1231 357 add'sasn}
1256 318 1269 351 i
1291 319 1362 352 sidz
1377 323 1413 351 Se
1436 320 1559 353 Suasni.
1594 320 1662 352 seki

372 379 485 419 joma
521 382 618 411 f'serse
649 384 754 420 gortas
785 379 802 409 $
806 380 902 411 /hitas
934 380 975 412 da
1006 380 1079 411 hara
1111 382 1247 412 vefUsini
1269 380 1404 421 pondas.
1452 384 1508 412 niv
1529 380 1663 413 sir-fsu-

372 450 485 472 manse
514 440 638 480 S/bilas,
670 440 764 473 Suas:
799 450 811 470 »
812 440 940 480 jenmei,
970 440 1098 481 jenmei,
1128 452 1165 472 as
1192 442 1270 473 vodz
1292 441 1354 474 vile
1357 441 1363 481 ,
1388 441 1500 481 joma
1524 442 1576 474 her
1600 442 1664 481 vjle

371 500 473 540 sir-ju
496 501 566 533 med
590 501 667 533 loe!»
708 500 826 543 sir-jue
848 502 1020 540 kjkna'nis
1042 501 1055 533 i
1077 501 1236 533 sibdasni.
1277 502 1356 533 raka
1381 502 1469 535 lebze.
1509 505 1567 534 niv
1587 501 1661 535 Sue:

373 572 386 592 »
387 562 509 597 rakaei,
545 562 667 601 rakaei,
701 573 780 594 mvn
816 568 852 600 te,
886 562 988 594 vistav
1020 562 1217 595 baf-mamli:
1252 561 1371 594 ’nilnid
1402 574 1510 595 usema
1533 562 1661 603 sir-jue,

371 621 486 662 sojisis
520 624 600 655 tseM
632 634 752 655 usema.
800 623 921 655 nilnid’
955 633 994 663 pe
1026 622 1123 655 ’koris
1151 622 1374 664 kujim-pudja
1408 624 1592 664 kert-majeg
1619 624 1659 656 da

372 682 443 715 bi'.»
488 683 566 715 raka
597 682 700 722 loktis,
730 683 832 716 starik
863 683 981 724 gozjali
1012 683 1083 716 eHn
1116 684 1200 715 vilas
1232 684 1347 725 puksis
1371 684 1384 716 i
1406 684 1477 717 Suis
1506 685 1581 718 kidz
1604 689 1663 717 niv

374 743 484 782 (Sektis
512 744 601 776 Sani,
639 755 679 776 na
682 744 713 784 je
736 755 768 776 ez
790 745 894 776 kivni.
918 745 958 776 —
985 745 1095 782 kjrniS
1120 745 1215 784 lebze;
1238 748 1296 776 niv
1319 745 1332 777 i
1356 745 1497 778 kirniSes
1520 745 1662 779 mededis

371 804 515 836 vistavni
545 805 772 838 baf-mamisli.
818 805 930 838 kirnis
963 805 1041 843 vois,
1071 805 1141 837 eSin
1173 805 1256 838 vilas
1278 806 1409 846 puksis:
1435 806 1541 844 »kurk,
1566 806 1660 845 kurk,

370 864 472 897 starik
506 866 636 906 gozjaei,
671 866 780 898 nilnid
813 876 923 898 usema
957 865 1086 906 sir-jue,
1120 866 1235 907 sojisis
1270 869 1348 899 UetS
1383 866 1508 899 usema!
1552 867 1661 899 nilnid

371 925 458 958 koris
482 926 667 967 kert-majeg
690 926 731 958 da
755 926 813 959 bi.»
847 926 922 967 naje
944 926 1084 959 kilasni:
1102 927 1213 966 gelesis
1232 928 1411 964 i,dziddSik
1427 928 1478 959 da.
1515 927 1661 960 bostasni

371 986 596 1027 kujim-pudja
620 986 807 1027 kert-majeg
830 987 871 1018 da
895 986 936 1019 bi.
961 987 1128 1027 munasni.
1164 987 1278 1027 joma
1303 987 1393 1027 najes
1416 989 1537 1020 ad'd'zas
1557 987 1570 1019 i
1586 988 1658 1021 Sue:

369 1121 426 1159 sie,
463 1121 623 1153 entstellt.
672 1120 804 1152 Wieder
840 1121 985 1160 gedenkt
1020 1120 1066 1153 sie
1102 1120 1172 1152 ihre
1204 1124 1264 1153 axt
1297 1131 1337 1153 zu
1360 1122 1554 1161 verbergen,
1579 1122 1661 1154 aber

368 1181 491 1214 wieder
515 1181 616 1213 sehen
640 1189 673 1213 es
698 1181 750 1212 die
774 1181 870 1221 vögel
895 1181 962 1212 und
987 1189 1088 1221 sagen
1111 1181 1142 1212 in
1170 1181 1341 1213 derselben
1365 1181 1460 1213 weise
1488 1182 1559 1222 [wie
1584 1191 1659 1214 ver¬

368 1242 451 1281 heil.
501 1242 599 1273 Dann
630 1241 820 1274 schleudert
844 1240 897 1282 die
920 1241 1007 1282 joma
1032 1241 1100 1273 ihre
1124 1244 1184 1273 axt
1208 1242 1400 1273 nachhause
1424 1243 1493 1274 und
1517 1242 1659 1283 beginnt

369 1302 489 1335 wieder
513 1302 768 1334 nachzusetzen.
806 1302 875 1334 Das
898 1302 1061 1334 Mädchen
1086 1302 1175 1334 wirft
1201 1303 1259 1335 das
1282 1302 1422 1335 teerfass
1449 1302 1572 1343 [hinter
1588 1302 1656 1335 sich

368 1364 449 1403 und]
486 1365 574 1403 sagt:
611 1363 712 1395 »Mein
748 1363 841 1401 Gott,
874 1363 962 1394 mein
995 1364 1087 1402 Gott,
1113 1372 1208 1394 wenn
1232 1364 1317 1395 doch
1344 1363 1394 1395 ein
1419 1363 1573 1395 teerfluss
1596 1372 1659 1395 vor

368 1423 431 1454 mir
461 1424 530 1453 und
559 1423 671 1454 hinter
698 1422 757 1462 der
787 1422 873 1462 joma
885 1426 895 1443 1
920 1423 1135 1454 entstünde!»
1182 1424 1220 1453 In
1245 1424 1320 1453 dem
1345 1423 1498 1454 teerfluss
1522 1422 1655 1454 bleiben

368 1482 412 1514 sie
437 1483 516 1514 aber
538 1481 634 1514 beide
658 1482 804 1514 stecken.
842 1482 924 1513 Eine
947 1482 1050 1514 krähe
1073 1482 1166 1522 fliegt
1187 1483 1366 1522 [vorüber].
1405 1483 1473 1515 Das
1488 1482 1656 1515 mädchen

368 1544 458 1582 sagt:
484 1542 606 1574 »Meine
630 1542 744 1580 krähe,
769 1542 876 1573 meine
900 1541 984 1574 liebe
1008 1542 1123 1581 krähe,
1148 1543 1221 1582 geh,
1244 1551 1320 1582 sage
1349 1542 1504 1582 [meinen]
1532 1542 1654 1574 eitern:

368 1602 456 1635 'eure
488 1602 621 1634 tochter
645 1601 687 1634 ist
711 1601 743 1633 in
769 1603 831 1634 den
856 1601 1010 1634 teerfluss
1032 1602 1190 1642 gefallen;
1215 1603 1268 1634 die
1292 1602 1338 1634 sie
1362 1602 1485 1635 fressen
1511 1602 1585 1640 will,
1611 1602 1654 1635 ist

367 1662 453 1694 auch
477 1662 743 1702 hineingefallen.
781 1663 868 1694 Eure
893 1662 1024 1695 tochter
1048 1663 1107 1695 hat
1131 1672 1188 1694 um
1212 1663 1284 1694 eine
1309 1662 1378 1695 drei
1400 1663 1469 1703 pud
1485 1662 1656 1703 wiegende

367 1722 574 1762 eisenstange
600 1723 666 1754 und
691 1723 782 1754 feuer
805 1723 986 1763 gebeten.’»
1026 1723 1085 1755 Die
1109 1723 1211 1754 krähe
1234 1724 1314 1754 kam
1341 1725 1412 1763 [ans
1436 1723 1522 1762 ziel],
1547 1726 1656 1755 setzte

366 1782 434 1814 sich
460 1782 518 1814 auf
543 1784 602 1814 das
625 1783 751 1814 fenster
774 1783 832 1815 der
856 1783 944 1815 alten
970 1784 1040 1816 und
1063 1785 1168 1824 sagte,
1184 1783 1245 1815 wie
1265 1783 1334 1823 [sie]
1355 1784 1415 1815 das
1431 1783 1595 1816 mädchen
1613 1793 1652 1815 zu

365 1851 466 1883 sagen
490 1842 671 1883 geheissen.
709 1843 760 1875 Sie
783 1844 903 1876 hörten
930 1845 987 1884 [es]
1014 1844 1106 1876 nicht
1134 1845 1189 1884 [da
1212 1843 1258 1876 sie
1275 1843 1498 1883 schwerhörig
1518 1845 1651 1883 waren].

389 1923 402 1924 -
431 1902 492 1933 Ein
517 1904 596 1934 rabe
620 1902 714 1943 fliegt
740 1903 896 1944 [vorbei];
922 1904 980 1935 das
1008 1903 1171 1936 mädchen
1195 1904 1344 1935 schickte
1363 1904 1450 1935 auch
1467 1904 1530 1935 den
1548 1904 1653 1936 raben

365 1971 436 2000 aus,
460 1971 517 1993 um
545 1964 601 2004 [es]
628 1963 693 1994 den
721 1963 826 1995 eitern
851 1973 891 1994 zu
915 1972 1024 2003 sagen.
1072 1964 1138 1995 Der
1161 1963 1240 1994 rabe
1263 1964 1342 1994 kam
1366 1972 1426 1995 ans
1450 1963 1520 2000 ziel,
1546 1965 1654 1995 setzte

365 2021 433 2053 sich
465 2023 540 2054 aufs
571 2023 709 2054 fenster:
736 2024 857 2060 »Kurk,
883 2024 979 2061 kurk,
1005 2024 1056 2054 ihr
1079 2024 1178 2060 alten,
1205 2033 1281 2055 eure
1306 2023 1438 2055 tochter
1460 2024 1504 2055 ist
1528 2023 1561 2055 in
1587 2024 1649 2055 den

365 2082 518 2113 teerfluss
542 2082 698 2121 gefallen;
723 2082 775 2114 die
799 2083 845 2115 sie
862 2083 984 2115 fressen
1002 2083 1077 2121 will,
1096 2083 1139 2115 ist
1157 2084 1241 2115 auch
1258 2083 1530 2123 hineingefallen!
1564 2084 1652 2115 Eure

363 2141 496 2173 tochter
528 2142 587 2174 hat
621 2152 675 2174 um
707 2142 778 2175 eine
810 2141 1018 2183 eisenstange
1050 2144 1119 2175 und
1144 2144 1234 2175 feuer
1257 2144 1426 2183 gebeten.»
1471 2143 1524 2175 Sie
1548 2144 1651 2175 hören

366 2203 442 2243 [es]:
466 2211 535 2234 war
559 2203 643 2235 doch
672 2204 741 2242 [des
768 2204 882 2242 raben|
913 2203 1047 2235 stimme
1076 2204 1192 2236 lauter.
1240 2203 1292 2235 Sie
1316 2204 1460 2235 nehmen
1485 2203 1557 2235 eine
1582 2203 1651 2235 drei

364 2263 432 2301 pud
462 2262 629 2303 wiegende
653 2262 861 2303 eisenstange
885 2263 954 2296 und
978 2262 1070 2296 feuer
1096 2264 1187 2303 [und]
1215 2264 1354 2296 machen
1379 2263 1449 2296 sich
1473 2264 1541 2295 auf.
1590 2263 1652 2296 Die

361 2323 448 2364 joma
484 2323 624 2355 erblickt
659 2323 704 2356 sie
739 2324 808 2355 und
843 2327 932 2363 sagt:
967 2324 1089 2356 »Meine
1118 2325 1332 2364 Schwägerin,
1357 2324 1445 2356 mein
1469 2323 1650 2364 Schwager,

464 2411 474 2428 1
500 2411 564 2439 Das
596 2410 743 2439 mädchen
774 2411 949 2449 verspricht
980 2412 1059 2446 sich;
1093 2412 1136 2440 sie
1171 2412 1271 2440 wollte
1302 2421 1411 2450 sagen:
1445 2412 1565 2447 „hinter
1593 2412 1653 2440 mir

360 2452 423 2482 und
448 2463 502 2482 vor
522 2452 578 2493 der
598 2452 716 2493 joma“.
