1792 2956
899 283 1089 313 — 212 —
676 377 1082 418 {jenme̮i̭, meni̮m burśi!}
720 438 1128 480 {ki̮r-ke̮tš dor me pukśi}
676 499 931 541 {ki̮rana vi̮ji̮mi}
674 560 992 602 {li̮a dor me pukśi}
612 620 965 663 {25. buždana vi̮ji̮m;}
676 681 1237 724 {si̮kti̮v dor me, końe̮r, pukśi}
676 742 1144 784 {ežvae̮ petke̮dana vi̮ji̮m;}
676 804 1051 845 {ežva dor me pukśi}
675 863 1171 906 {dvinae̮ petke̮dana vi̮ji̮m;}
611 924 1083 966 {30. dvina dor me pukśi}
674 985 1112 1028 {moree̮ petke̮dana vi̮ji̮m.}
674 1046 1319 1089 {moreas ke̮ petke̮das mene̮, końe̮re̮s,}
674 1107 1330 1150 {šude̮i̭ da talane̮i̭ oz ke̮ pet menam,}
675 1168 1129 1208 {mort-nem meni̮m še̮re̮di̮s}
612 1229 1031 1269 {35. ki̮lavni̮ meni̮m loe̮:}
673 1289 1087 1331 {e̮tar va-dorśi̮s toji̮št̕śa,}
673 1350 959 1389 {me̮daras og vo!}
419 1487 1046 1530 soviel glück gib mir, mein gott!
420 1547 1215 1587 Ich setzte mich hin, wie ein steiles ufer,
419 1607 856 1646 das niederstürzen will;
417 1667 1239 1710 ich setzte mich hin wie ein sandiges ufer,
354 1728 1067 1770 25. das eben weggespült werden soll;
420 1787 1404 1832 ich arme setzte mich hin wie am ufer der Sysola,
419 1847 1154 1890 die eben in die Vyčegda stürzen will;
418 1907 1325 1951 ich setzte mich hin wie am ufer der Vyčegda,
419 1967 1111 2007 die eben in die Dvina stürzen will;
354 2026 1283 2067 30. ich setzte mich hin wie am ufer der Dvina,
417 2086 1023 2120 die eben ins meer stürzen will.
419 2145 1401 2189 Aber wenn mich arme [der strom] ins meer zieht,
416 2206 1232 2248 wenn ich kein glück, kein gedeihen habe,
419 2266 1223 2308 dann muss ich mein ganzes leben mitten
355 2326 909 2368 35. [auf dem meere] treiben:
419 2386 1244 2429 vom einen rande werde ich fortgeschoben,
419 2446 1081 2481 das andre ufer erreiche ich nicht!
