<?xml version="1.0" encoding="UTF-8" standalone="yes"?>
<PcGts xmlns="http://schema.primaresearch.org/PAGE/gts/pagecontent/2013-07-15" xmlns:xsi="http://www.w3.org/2001/XMLSchema-instance" xsi:schemaLocation="http://schema.primaresearch.org/PAGE/gts/pagecontent/2013-07-15 http://schema.primaresearch.org/PAGE/gts/pagecontent/2013-07-15/pagecontent.xsd">
    <Metadata>
        <Creator>prov=University of Rostock/Institute of Mathematics/CITlab|PLANET AI GmbH/Gundram Leifert/gundram.leifert@planet-ai.de:name=SUST_38-06(htr_id=25563)::::v=2.6.6
prov=University of Rostock/Institute of Mathematics/CITlab|PLANET AI GmbH/Tobias Gruening/tobias.gruening@planet-ai.de:name=de.uros.citlab.module.baseline2polygon.B2PSeamMultiOriented:v=2.6.6
Transkribus</Creator>
        <Created>2020-08-19T13:13:38.507+02:00</Created>
        <LastChange>2020-08-19T13:20:04.503+02:00</LastChange>
        <Comments>
                Measurement unit: pixel
                PrimaryLanguage: German
                Language: GermanStandard
                Language: Finnish
                Language: RussianOldSpelling
                Producer: Transkribus
            </Comments>
        <TranskribusMetadata docId="441749" pageId="17943494" pageNr="143" tsid="37291054" status="IN_PROGRESS" userId="17326" imgUrl="https://files.transkribus.eu/Get?id=IEHFVMOJQTUCNAIJPRRQYFYQ&amp;fileType=view" xmlUrl="https://files.transkribus.eu/Get?id=KRBLYHQZQDCDLJUMBEAAJAZN" imageId="13587518"/>
    </Metadata>
    <Page imageFilename="SUST_38-0143.jpg" imageWidth="1803" imageHeight="2944">
        <PrintSpace>
            <Coords points="150,282 1451,282 1451,2539 150,2539"/>
        </PrintSpace>
        <ReadingOrder>
            <OrderedGroup id="ro_1607953392116" caption="Regions reading order">
                <RegionRefIndexed index="0" regionRef="r_1_1"/>
                <RegionRefIndexed index="1" regionRef="r_2_1"/>
                <RegionRefIndexed index="2" regionRef="r_3_1"/>
            </OrderedGroup>
        </ReadingOrder>
        <TextRegion type="paragraph" id="r_1_1" custom="readingOrder {index:0;}">
            <Coords points="706,288 900,288 900,319 706,319"/>
            <TextLine id="tl_1" primaryLanguage="German" custom="readingOrder {index:0;}">
                <Coords points="707,289 899,289 899,318 707,318"/>
                <Baseline points="707,309 749,309 788,317 899,309"/>
                <TextEquiv>
                    <Unicode>— 133 —</Unicode>
                </TextEquiv>
            </TextLine>
            <TextEquiv>
                <Unicode>— 133 —</Unicode>
            </TextEquiv>
        </TextRegion>
        <TextRegion type="paragraph" id="r_2_1" custom="readingOrder {index:1;}">
            <Coords points="156,379 1444,379 1444,1147 156,1147"/>
            <TextLine id="tl_2" primaryLanguage="English" custom="readingOrder {index:0;}">
                <Coords points="157,380 1442,380 1442,423 157,423"/>
                <Baseline points="157,415 310,414 365,414 448,415 566,413 749,413 818,413 853,412 1004,412 1068,413 1105,413 1246,413 1372,413 1442,402"/>
                <TextEquiv>
                    <Unicode>{mi̮śkal!» i sije̮ a₍t̕śi̮s mi̮śkalas da i ki̮še̮das da i puktas jen-ul la-}</Unicode>
                </TextEquiv>
                <TextStyle fontFamily="Times New Roman" fontSize="8.5" italic="true"/>
            </TextLine>
            <TextLine id="tl_3" primaryLanguage="English" custom="readingOrder {index:1;}">
                <Coords points="158,441 1442,441 1442,483 158,483"/>
                <Baseline points="158,474 263,475 300,474 401,473 519,474 580,475 717,474 776,474 848,473 960,472 1089,473 1209,474 1283,474 1442,474"/>
                <TextEquiv>
                    <Unicode>{bi̮₍t̕śas i bara dumai̭te̮: »ki̮₍d̕źi že̮ me polni̮ ponda aslam bur mužiki̮ś}</Unicode>
                </TextEquiv>
                <TextStyle fontFamily="Times New Roman" fontSize="8.5" italic="true"/>
            </TextLine>
            <TextLine id="tl_4" primaryLanguage="English" custom="readingOrder {index:2;}">
                <Coords points="159,502 1439,502 1439,544 159,544"/>
                <Baseline points="159,536 171,536 273,536 373,535 488,536 573,534 652,535 763,535 800,535 884,534 977,535 1029,535 1134,533 1172,535 1439,535"/>
                <TextEquiv>
                    <Unicode>{i je̮ze̮s kora uźni̮! taje̮ ved mene̮ ńem že̮ ńin oz ve̮t̕ś.» seśśa uźme̮t̕t̕śas.}</Unicode>
                </TextEquiv>
            </TextLine>
            <TextLine id="tl_5" primaryLanguage="English" custom="readingOrder {index:3;}">
                <Coords points="158,562 1440,562 1440,605 158,605"/>
                <Baseline points="158,605 324,596 499,596 549,595 671,596 713,595 969,595 1012,594 1079,603 1264,574 1440,595"/>
                <TextEquiv>
                    <Unicode>{pokońńik labi̮₍t̕śi̮n a a₍t̕śi̮s kajas pat̕t̕śe̮ras da pukśas pat̕t̕śe̮r doras}</Unicode>
                </TextEquiv>
            </TextLine>
            <TextLine id="tl_6" primaryLanguage="English" custom="readingOrder {index:4;}">
                <Coords points="159,623 1441,623 1441,666 159,666"/>
                <Baseline points="159,657 172,657 342,656 493,656 614,664 810,663 999,656 1164,656 1277,655 1441,655"/>
                <TextEquiv>
                    <Unicode>{i poduška pondas vurni̮ mužiki̮sli̮ d̕źebśi̮ni̮s. pukale̮ vurśe̮ biaśe̮ma}</Unicode>
                </TextEquiv>
                <TextStyle fontFamily="Times New Roman" fontSize="8.5" italic="true"/>
            </TextLine>
            <TextLine id="tl_7" primaryLanguage="English" custom="readingOrder {index:5;}">
                <Coords points="159,684 1443,684 1443,724 159,724"/>
                <Baseline points="159,716 210,716 332,716 433,723 645,715 717,716 993,716 1141,715 1170,715 1443,715"/>
                <TextEquiv>
                    <Unicode>{da. seśśa drug ki̮ri̮m-pe̮li̮s uśe̮ pokońńiki̮sle̮n. babai̮s »blaste̮ kristo·s!»}</Unicode>
                </TextEquiv>
            </TextLine>
            <TextLine id="tl_8" primaryLanguage="English" custom="readingOrder {index:6;}">
                <Coords points="158,743 1441,743 1441,785 158,785"/>
                <Baseline points="158,774 173,774 319,776 452,776 598,776 725,776 789,776 825,776 949,776 1109,776 1143,776 1323,776 1441,776"/>
                <TextEquiv>
                    <Unicode>{šuvas da let̕t̕śas pat̕t̕śe̮r dorśi̮s da i leptas ki̮ri̮mse̮ i ke̮rti̮štas. seśśa}</Unicode>
                </TextEquiv>
            </TextLine>
            <TextLine id="tl_9" primaryLanguage="German" custom="readingOrder {index:7;}">
                <Coords points="159,804 1440,804 1440,845 159,845"/>
                <Baseline points="159,837 236,837 362,837 433,836 580,837 743,837 912,836 976,836 1124,836 1188,836 1297,835 1440,825"/>
                <TextEquiv>
                    <Unicode>{bara kajas da pondas vurśi̮ni̮. vurśa·s da vurśa·s da seśśa pokoń-}</Unicode>
                </TextEquiv>
                <TextStyle fontFamily="Times New Roman" fontSize="8.5" italic="true"/>
            </TextLine>
            <TextLine id="tl_10" primaryLanguage="German" custom="readingOrder {index:8;}">
                <Coords points="160,863 1441,863 1441,906 160,906"/>
                <Baseline points="160,897 269,897 450,897 561,898 708,896 808,896 941,896 985,896 1139,896 1315,896 1441,895"/>
                <TextEquiv>
                    <Unicode>{ńikle̮n kok-pe̮li̮s uśas. babai̮s bara let̕t̕śas da »blaste̮ kristo·s!» šuvas}</Unicode>
                </TextEquiv>
            </TextLine>
            <TextLine id="tl_11" primaryLanguage="German" custom="readingOrder {index:9;}">
                <Coords points="159,924 1442,924 1442,966 159,966"/>
                <Baseline points="159,958 172,958 304,957 498,956 541,957 650,956 775,956 847,956 1010,956 1174,955 1306,956 1442,955"/>
                <TextEquiv>
                    <Unicode>{i leptas kok-pe̮lse̮ i bara kajas da vurśi̮ni̮ pondas. seśśa ńe-di̮r}</Unicode>
                </TextEquiv>
                <TextStyle fontFamily="Times New Roman" fontSize="8.5" italic="true"/>
            </TextLine>
            <TextLine id="tl_12" primaryLanguage="German" custom="readingOrder {index:10;}">
                <Coords points="160,983 1442,983 1442,1026 160,1026"/>
                <Baseline points="160,1017 318,1018 380,1017 417,1017 604,1017 756,1016 799,1016 866,1016 1054,1016 1200,1016 1274,1016 1372,1016 1442,1005"/>
                <TextEquiv>
                    <Unicode>{vurśi̮štas da i pokońńik t̕śḙt̕t̕śas da džodž še̮ras stukńitas i šuve̮ ba-}</Unicode>
                </TextEquiv>
            </TextLine>
            <TextLine id="tl_13" primaryLanguage="German" custom="readingOrder {index:11;}">
                <Coords points="160,1044 1443,1044 1443,1085 160,1085"/>
                <Baseline points="160,1077 270,1078 367,1077 467,1075 524,1084 640,1076 818,1076 853,1077 911,1085 1027,1076 1171,1055 1291,1075 1325,1076 1443,1076"/>
                <TextEquiv>
                    <Unicode>{bai̮sli̮: »me tene̮ eg tše̮kti̮ mi̮śkalni̮ i eg tše̮kti̮ uźme̮t̕t̕śi̮ni̮, a te e̮t̕ise̮}</Unicode>
                </TextEquiv>
            </TextLine>
            <TextLine id="tl_14" primaryLanguage="German" custom="readingOrder {index:12;}">
                <Coords points="160,1104 1440,1104 1440,1146 160,1146"/>
                <Baseline points="160,1139 173,1139 298,1139 462,1137 579,1137 663,1138 797,1137 893,1137 1010,1136 1192,1136 1257,1136 1293,1137 1440,1135"/>
                <TextEquiv>
                    <Unicode>{i me̮dse̮ ve̮₍t̕śin!» seśśa sije̮ babai̮s dine̮ kajas pat̕t̕śe̮ras da i pondas}</Unicode>
                </TextEquiv>
                <TextStyle fontFamily="Times New Roman" fontSize="8.5" italic="true"/>
            </TextLine>
            <TextEquiv>
                <Unicode>{mi̮śkal!» i sije̮ a₍t̕śi̮s mi̮śkalas da i ki̮še̮das da i puktas jen-ul la-}
{bi̮₍t̕śas i bara dumai̭te̮: »ki̮₍d̕źi že̮ me polni̮ ponda aslam bur mužiki̮ś}
{i je̮ze̮s kora uźni̮! taje̮ ved mene̮ ńem že̮ ńin oz ve̮t̕ś.» seśśa uźme̮t̕t̕śas.}
{pokońńik labi̮₍t̕śi̮n a a₍t̕śi̮s kajas pat̕t̕śe̮ras da pukśas pat̕t̕śe̮r doras}
{i poduška pondas vurni̮ mužiki̮sli̮ d̕źebśi̮ni̮s. pukale̮ vurśe̮ biaśe̮ma}
{da. seśśa drug ki̮ri̮m-pe̮li̮s uśe̮ pokońńiki̮sle̮n. babai̮s »blaste̮ kristo·s!»}
{šuvas da let̕t̕śas pat̕t̕śe̮r dorśi̮s da i leptas ki̮ri̮mse̮ i ke̮rti̮štas. seśśa}
{bara kajas da pondas vurśi̮ni̮. vurśa·s da vurśa·s da seśśa pokoń-}
{ńikle̮n kok-pe̮li̮s uśas. babai̮s bara let̕t̕śas da »blaste̮ kristo·s!» šuvas}
{i leptas kok-pe̮lse̮ i bara kajas da vurśi̮ni̮ pondas. seśśa ńe-di̮r}
{vurśi̮štas da i pokońńik t̕śḙt̕t̕śas da džodž še̮ras stukńitas i šuve̮ ba-}
{bai̮sli̮: »me tene̮ eg tše̮kti̮ mi̮śkalni̮ i eg tše̮kti̮ uźme̮t̕t̕śi̮ni̮, a te e̮t̕ise̮}
{i me̮dse̮ ve̮₍t̕śin!» seśśa sije̮ babai̮s dine̮ kajas pat̕t̕śe̮ras da i pondas}</Unicode>
            </TextEquiv>
        </TextRegion>
        <TextRegion type="paragraph" id="r_3_1" custom="readingOrder {index:2;}">
            <Coords points="159,1232 1445,1232 1445,2534 159,2534"/>
            <TextLine id="tl_15" primaryLanguage="German" custom="readingOrder {index:0;}">
                <Coords points="161,1233 1442,1233 1442,1275 161,1275"/>
                <Baseline points="161,1266 280,1266 399,1274 544,1267 638,1266 728,1265 797,1265 899,1266 1011,1266 1125,1265 1194,1265 1340,1265 1442,1256"/>
                <TextEquiv>
                    <Unicode>weinte [und] weinte und sagt bei sich: »Wie sollte ich meinen eige-</Unicode>
                </TextEquiv>
                <TextStyle fontFamily="Times New Roman" fontSize="9.0"/>
            </TextLine>
            <TextLine id="tl_16" primaryLanguage="German" custom="readingOrder {index:1;}">
                <Coords points="160,1294 1441,1294 1441,1333 160,1333"/>
                <Baseline points="160,1326 225,1325 350,1325 468,1326 678,1323 769,1326 838,1326 986,1326 1076,1326 1218,1326 1318,1333 1441,1326"/>
                <TextEquiv>
                    <Unicode>nen mann nicht waschen!» und sie wäscht und kleidet [ihn] selbst</Unicode>
                </TextEquiv>
                <TextStyle fontFamily="Times New Roman" fontSize="9.0"/>
            </TextLine>
            <TextLine id="tl_17" primaryLanguage="German" custom="readingOrder {index:2;}">
                <Coords points="161,1354 1441,1354 1441,1394 161,1394"/>
                <Baseline points="161,1385 230,1385 331,1386 448,1394 542,1385 626,1387 749,1386 914,1385 1174,1386 1265,1386 1441,1385"/>
                <TextEquiv>
                    <Unicode>und legt [ihn] auf die bank unterm heiligenbilde und überlegt</Unicode>
                </TextEquiv>
                <TextStyle fontFamily="Times New Roman" fontSize="9.0"/>
            </TextLine>
            <TextLine id="tl_18" primaryLanguage="German" custom="readingOrder {index:3;}">
                <Coords points="160,1413 1440,1413 1440,1454 160,1454"/>
                <Baseline points="160,1445 294,1445 416,1445 546,1446 632,1445 750,1445 839,1445 1004,1445 1167,1445 1291,1445 1440,1446"/>
                <TextEquiv>
                    <Unicode>wieder: »Wie sollte ich mich vor meinem eigenen guten manne</Unicode>
                </TextEquiv>
                <TextStyle fontFamily="Times New Roman" fontSize="9.0"/>
            </TextLine>
            <TextLine id="tl_19" primaryLanguage="German" custom="readingOrder {index:4;}">
                <Coords points="160,1473 1440,1473 1440,1506 160,1506"/>
                <Baseline points="160,1504 316,1505 422,1505 581,1506 795,1505 911,1505 1094,1505 1253,1506 1347,1505 1440,1505"/>
                <TextEquiv>
                    <Unicode>fürchten und fremde menschen zum schlafen bitten! Er tut</Unicode>
                </TextEquiv>
                <TextStyle fontFamily="Times New Roman" fontSize="9.0"/>
            </TextLine>
            <TextLine id="tl_20" primaryLanguage="German" custom="readingOrder {index:5;}">
                <Coords points="160,1533 1438,1533 1438,1573 160,1573"/>
                <Baseline points="160,1565 224,1565 281,1565 412,1566 572,1564 715,1565 855,1565 935,1566 1019,1565 1151,1565 1257,1565 1438,1565"/>
                <TextEquiv>
                    <Unicode>mir ja nichts mehr!» Dann bleibt sie die nacht zum schlafen</Unicode>
                </TextEquiv>
                <TextStyle fontFamily="Times New Roman" fontSize="9.0"/>
            </TextLine>
            <TextLine id="tl_21" primaryLanguage="German" custom="readingOrder {index:6;}">
                <Coords points="164,1593 1442,1593 1442,1634 164,1634"/>
                <Baseline points="164,1634 228,1625 352,1626 468,1626 714,1626 849,1634 932,1625 1014,1625 1239,1630 1310,1627 1442,1625"/>
                <TextEquiv>
                    <Unicode>[bei ihm]. Der verstorbene [liegt] auf der wandbank, sie selber</Unicode>
                </TextEquiv>
                <TextStyle fontFamily="Times New Roman" fontSize="9.0"/>
            </TextLine>
            <TextLine id="tl_22" primaryLanguage="German" custom="readingOrder {index:7;}">
                <Coords points="160,1653 1442,1653 1442,1687 160,1687"/>
                <Baseline points="160,1685 241,1686 411,1686 500,1685 597,1686 696,1686 790,1686 900,1686 994,1685 1075,1685 1162,1685 1349,1686 1442,1685"/>
                <TextEquiv>
                    <Unicode>aber klettert auf den ofen und setzt sich auf den ofenrand und </Unicode>
                </TextEquiv>
                <TextStyle fontFamily="Times New Roman" fontSize="9.0"/>
            </TextLine>
            <TextLine id="tl_23" primaryLanguage="German" custom="readingOrder {index:8;}">
                <Coords points="160,1713 1438,1713 1438,1754 160,1754"/>
                <Baseline points="160,1746 299,1745 370,1745 480,1746 598,1746 658,1745 759,1745 959,1746 1034,1745 1244,1745 1300,1746 1438,1744"/>
                <TextEquiv>
                    <Unicode>beginnt für ihren mann zu dem begräbnis ein kopfkissen zu nähen.</Unicode>
                </TextEquiv>
                <TextStyle fontFamily="Times New Roman" fontSize="9.0"/>
            </TextLine>
            <TextLine id="tl_24" primaryLanguage="German" custom="readingOrder {index:9;}">
                <Coords points="160,1773 1440,1773 1440,1814 160,1814"/>
                <Baseline points="160,1806 240,1806 426,1805 496,1806 600,1805 843,1812 947,1806 1015,1806 1133,1813 1254,1805 1343,1805 1440,1805"/>
                <TextEquiv>
                    <Unicode>Und nachdem sie licht angezündet, sitzt sie [und] näht. Da fällt</Unicode>
                </TextEquiv>
                <TextStyle fontFamily="Times New Roman" fontSize="9.0"/>
            </TextLine>
            <TextLine id="tl_25" primaryLanguage="German" custom="readingOrder {index:10;}">
                <Coords points="161,1833 1441,1833 1441,1873 161,1873"/>
                <Baseline points="161,1873 317,1865 409,1864 681,1865 732,1864 842,1865 1112,1865 1221,1865 1325,1865 1441,1865"/>
                <TextEquiv>
                    <Unicode>plötzlich des verstorbenen eine hand herunter. Die frau sagt:</Unicode>
                </TextEquiv>
            </TextLine>
            <TextLine id="tl_26" primaryLanguage="German" custom="readingOrder {index:11;}">
                <Coords points="160,1893 1441,1893 1441,1933 160,1933"/>
                <Baseline points="160,1923 280,1925 418,1932 626,1925 717,1926 841,1925 943,1924 1128,1925 1254,1924 1341,1925 1441,1925"/>
                <TextEquiv>
                    <Unicode>»Segne [mich] christus!» und steigt vom ofenrand hinab und hebt</Unicode>
                </TextEquiv>
                <TextStyle fontFamily="Times New Roman" fontSize="9.0"/>
            </TextLine>
            <TextLine id="tl_27" primaryLanguage="German" custom="readingOrder {index:12;}">
                <Coords points="161,1953 1444,1953 1444,1994 161,1994"/>
                <Baseline points="161,1985 182,1985 260,1985 411,1986 502,1986 643,1986 739,1993 865,1986 963,1986 1104,1985 1229,1985 1298,1986 1444,1984"/>
                <TextEquiv>
                    <Unicode>die hand auf und bindet [sie] leicht fest. Dann steigt sie wieder</Unicode>
                </TextEquiv>
            </TextLine>
            <TextLine id="tl_28" primaryLanguage="German" custom="readingOrder {index:13;}">
                <Coords points="161,2013 1443,2013 1443,2054 161,2054"/>
                <Baseline points="161,2045 277,2045 370,2046 532,2046 595,2046 740,2047 828,2045 936,2046 1027,2046 1145,2052 1236,2045 1350,2045 1443,2045"/>
                <TextEquiv>
                    <Unicode>hinauf und beginnt zu nähen. Sie näht und näht, und dann fällt</Unicode>
                </TextEquiv>
                <TextStyle fontFamily="Times New Roman" fontSize="9.0"/>
            </TextLine>
            <TextLine id="tl_29" primaryLanguage="German" custom="readingOrder {index:14;}">
                <Coords points="161,2074 1441,2074 1441,2114 161,2114"/>
                <Baseline points="161,2107 218,2106 490,2106 614,2107 724,2106 927,2106 1042,2105 1156,2105 1287,2105 1441,2104"/>
                <TextEquiv>
                    <Unicode>des verstorbenen eines bein herunter. Das weib steigt wieder</Unicode>
                </TextEquiv>
                <TextStyle fontFamily="Times New Roman" fontSize="9.0"/>
            </TextLine>
            <TextLine id="tl_30" primaryLanguage="German" custom="readingOrder {index:15;}">
                <Coords points="162,2134 1440,2134 1440,2175 162,2175"/>
                <Baseline points="162,2166 263,2167 356,2166 470,2167 623,2167 760,2174 978,2173 1085,2166 1168,2166 1267,2166 1349,2165 1440,2165"/>
                <TextEquiv>
                    <Unicode>hinab und sagt: »Segne [mich] christus!», hebt das bein auf und </Unicode>
                </TextEquiv>
                <TextStyle fontFamily="Times New Roman" fontSize="9.0"/>
            </TextLine>
            <TextLine id="tl_31" primaryLanguage="German" custom="readingOrder {index:16;}">
                <Coords points="162,2194 1443,2194 1443,2235 162,2235"/>
                <Baseline points="162,2225 301,2225 446,2226 587,2226 679,2226 840,2225 904,2225 1048,2226 1185,2226 1291,2225 1354,2226 1443,2225"/>
                <TextEquiv>
                    <Unicode>klettert wieder hinauf und beginnt zu nähen. Dann näht sie eine</Unicode>
                </TextEquiv>
                <TextStyle fontFamily="Times New Roman" fontSize="9.0"/>
            </TextLine>
            <TextLine id="tl_32" primaryLanguage="German" custom="readingOrder {index:17;}">
                <Coords points="161,2253 1442,2253 1442,2295 161,2295"/>
                <Baseline points="161,2284 269,2285 405,2291 508,2286 602,2286 851,2286 1012,2285 1073,2286 1153,2285 1274,2291 1442,2285"/>
                <TextEquiv>
                    <Unicode>kleine weile, und der verstorbene springt in die höhe, stampft</Unicode>
                </TextEquiv>
                <TextStyle fontFamily="Times New Roman" fontSize="9.0"/>
            </TextLine>
            <TextLine id="tl_33" primaryLanguage="German" custom="readingOrder {index:18;}">
                <Coords points="165,2312 1440,2312 1440,2354 165,2354"/>
                <Baseline points="165,2352 238,2345 337,2345 462,2354 609,2345 690,2345 766,2346 873,2346 966,2346 1056,2345 1113,2345 1236,2345 1340,2345 1440,2344"/>
                <TextEquiv>
                    <Unicode>[mit dem fusse] mitten auf die diele und sagt zu seiner frau: »lch</Unicode>
                </TextEquiv>
                <TextStyle fontFamily="Times New Roman" fontSize="9.0"/>
            </TextLine>
            <TextLine id="tl_34" primaryLanguage="German" custom="readingOrder {index:19;}">
                <Coords points="160,2372 1440,2372 1440,2414 160,2414"/>
                <Baseline points="160,2405 247,2405 331,2404 455,2405 642,2405 789,2414 864,2405 1057,2412 1133,2404 1242,2404 1321,2404 1440,2404"/>
                <TextEquiv>
                    <Unicode>habe dir nicht befohlen [mich] zu waschen, ich habe dir nicht</Unicode>
                </TextEquiv>
                <TextStyle fontFamily="Times New Roman" fontSize="9.0"/>
            </TextLine>
            <TextLine id="tl_35" primaryLanguage="German" custom="readingOrder {index:20;}">
                <Coords points="161,2432 1443,2432 1443,2474 161,2474"/>
                <Baseline points="161,2464 327,2472 413,2465 547,2465 660,2465 757,2465 854,2474 922,2465 1088,2472 1158,2464 1261,2464 1360,2465 1443,2464"/>
                <TextEquiv>
                    <Unicode>befohlen, die nacht über [bei mir] zu bleiben, du aber hast das</Unicode>
                </TextEquiv>
                <TextStyle fontFamily="Times New Roman" fontSize="9.0"/>
            </TextLine>
            <TextLine id="tl_36" primaryLanguage="German" custom="readingOrder {index:21;}">
                <Coords points="162,2492 1442,2492 1442,2533 162,2533"/>
                <Baseline points="162,2524 222,2525 324,2524 491,2525 633,2525 805,2526 872,2525 939,2525 1076,2525 1173,2526 1254,2525 1341,2524 1442,2523"/>
                <TextEquiv>
                    <Unicode>wie dies getan!» Dann klettert er zu seiner frau auf den ofen</Unicode>
                </TextEquiv>
                <TextStyle fontFamily="Times New Roman" fontSize="9.0"/>
            </TextLine>
            <TextEquiv>
                <Unicode>weinte [und] weinte und sagt bei sich: »Wie sollte ich meinen eige-
nen mann nicht waschen!» und sie wäscht und kleidet [ihn] selbst
und legt [ihn] auf die bank unterm heiligenbilde und überlegt
wieder: »Wie sollte ich mich vor meinem eigenen guten manne
fürchten und fremde menschen zum schlafen bitten! Er tut
mir ja nichts mehr!» Dann bleibt sie die nacht zum schlafen
[bei ihm]. Der verstorbene [liegt] auf der wandbank, sie selber
aber klettert auf den ofen und setzt sich auf den ofenrand und 
beginnt für ihren mann zu dem begräbnis ein kopfkissen zu nähen.
Und nachdem sie licht angezündet, sitzt sie [und] näht. Da fällt
plötzlich des verstorbenen eine hand herunter. Die frau sagt:
»Segne [mich] christus!» und steigt vom ofenrand hinab und hebt
die hand auf und bindet [sie] leicht fest. Dann steigt sie wieder
hinauf und beginnt zu nähen. Sie näht und näht, und dann fällt
des verstorbenen eines bein herunter. Das weib steigt wieder
hinab und sagt: »Segne [mich] christus!», hebt das bein auf und 
klettert wieder hinauf und beginnt zu nähen. Dann näht sie eine
kleine weile, und der verstorbene springt in die höhe, stampft
[mit dem fusse] mitten auf die diele und sagt zu seiner frau: »lch
habe dir nicht befohlen [mich] zu waschen, ich habe dir nicht
befohlen, die nacht über [bei mir] zu bleiben, du aber hast das
wie dies getan!» Dann klettert er zu seiner frau auf den ofen</Unicode>
            </TextEquiv>
        </TextRegion>
        <SeparatorRegion id="r_4" custom="readingOrder {index:3;}">
            <Coords points="212,1175 1443,1175 1443,1180 212,1180"/>
        </SeparatorRegion>
    </Page>
</PcGts>
