1796 2952
766 255 892 284 241 —
475 347 1041 387 {ve̮l̕i̮ś e̮me̮i̭ kaźalin mi̮śśi̮ni̮ te̮?}
477 408 1068 450 {ve̮l̕iś e̮me̮i̭ kažalin jur si̮navni̮?}
426 468 1010 509 {5. vom-dor lokte̮ i̮₍dži̮d mol̕itva,}
476 529 1093 571 {t̕śuń-pon lokte̮ i̮₍dži̮d perna-pasa,}
475 589 930 631 {jura lokte̮ jurbitan jura,}
478 650 1007 691 {koska lokte̮ koske̮dź poklona,}
474 710 1006 749 {soi̭-vi̮v lokte̮ i̮₍dži̮d ge̮sńḙ₍t̕śa,}
414 769 1039 807 {10. ńa̭źma lokte̮ ńa̭ź molode̮i̭ orde̮,}
476 828 1081 869 {kore̮m ge̮st̕ ge̮st̕ja juni̮ da śoi̭ni̮.}
476 889 1103 929 {menam ve̮d jona ki̮ne̮me̮i̭ śumale̮,}
476 948 1109 990 {menam ve̮d zev jona gorše̮i̭ kośme̮}
773 1080 846 1111 33.\1\
474 1154 1179 1194 {ivan petrovitś, t̕śḙt̕t̕śi̮ že̮ t̕śḙt̕t̕śi̮!}
478 1214 1001 1253 {ve̮l̕i̮ś e̮me̮i̭ kaźalin uźni̮ te̮?!}
221 1354 1116 1395 Oder gedachtest du dich gerade zu waschen?!
220 1414 1268 1454 Oder gedachtest du dir gerade den kopf zu bürsten?!
169 1474 1365 1515 5. Es kommt sie, auf deren lippen das grosse gebet schwebt,
221 1534 1438 1576 Es kommt sie, auf deren fingerspitzen das grosse kreuzeszeichen
976 1595 1077 1633 steht,
222 1655 1103 1696 eine hochstehende kommt gesenkten hauptes,
220 1715 1243 1756 eine schöngewachsene kommt mit tiefer verbeugung,
221 1775 1440 1816 es kommt sie, die auf dem arm ein grosses willkommensge-
974 1836 1192 1874 schenk hat,
160 1895 986 1935 10. die fürstin kommt zum jungen fürsten,
223 1955 1440 1997 die gebetenen fremden burschen und mädchen [kommen] zum
976 2017 1328 2048 essen und trinken.
225 2058 860 2099 Gar sehr quält mich der hunger,
222 2118 870 2159 gar sehr peinigt mich der durst!»
765 2241 838 2271 33.\1\
223 2316 1109 2355 Johann Peters sohn, steh doch auf, steh auf!
224 2376 1161 2416 Gedachtest du gerade zu schlafen zu beginnen?!
264 2471 944 2509 \1\ Variante des vorhergehenden liedes.
1308 2521 1339 2547 16
