1797 2942
760 252 867 280 97 —
133 343 1422 386 {da perevoz ki̮r-ke̮₍tšas voasni̮. seti̮ś petas usi̮ńe̮: »me tianli̮ med}
137 402 1426 445 {i₍t̕śe̮t vok loa». munasni̮, munasni̮, da voas kujim-suda kerka. pi̮rasni̮}
139 463 1422 507 {pi̮tškas: ńe-kod abu. karta vi̮las ad̕d̕źasni̮ kujim e̮š. e̮t̕ike̮s naje̮ i}
139 524 1421 566 {nat̕śkasni̮, puasni̮ da pe̮žalasni̮. seśśa mika·i̭le̮ i ge̮ri·ńe̮ munasni̮,}
137 584 1422 627 {a usi̮ńe̮se̮ gorte̮ ovni̮ kol̕asni̮. ńe-una ne̮re̮vit-mi̮śt drug petis džodž-}
141 644 1424 688 {uli̮ś i₍t̕śe̮t d̕a̭d̕e̮. uśke̮d̕t̕śas usi̮ńe̮ vi̮le̮, ne̮i̭tas da t̕śḙl̕e̮ i śujas. a₍t̕śi̮s}
138 705 1422 747 {pesovt̕t̕śas da turun-jure̮ i pe̮re̮ da džodž-roźas i uśe̮. loktasni̮ vokjas,}
139 765 1424 806 {kutasni̮ korni̮ śoi̭ni̮. usi̮ńe̮ šuas: »me kol̕mi da og vermi̮ verdni̮.»}
136 825 635 867 {seśśa naje̮ aśni̮s i śojasni̮.}
245 884 1424 926 {aski naje̮ me̮d e̮š nat̕śkasni̮ da puasni̮ i pe̮žalasni̮. seśśa ko-}
136 944 1426 986 {l̕asni̮ ge̮ri·ńe̮e̮s gortavni̮ da mika·i̭le̮ i usi̮ńe̮ munasni̮. ńe-di̮r-}
142 1004 1425 1046 {mi̮śt bara d̕a̭d̕e̮ voas: »atte̮ d̕ive̮, me̮d e̮š ńin śoje̮mae̮ś! lok, vermaśam!»}
136 1064 1425 1106 {šuas ge̮ri·ńe̮li̮. seśśa sije̮ ge̮ri·ńe̮e̮s ne̮i̭tas da ne̮i̭tas da t̕śḙl̕e̮ i}
140 1193 1426 1236 abschuss bei einer übergangsstelle [über einen fluss]. Heraus [aus
140 1254 1427 1295 dem abschuss] kommt Usynja: »lch bin euer jüngster bruder.»
145 1314 1428 1355 [Zusammen] wandern sie, wandern und gelangen an ein drei-
139 1374 1426 1416 stöckiges haus. Sie treten hinein: es ist niemand [dort]. Auf
143 1434 1426 1472 dem viehhofe sehen sie drei ochsen. Einen von ihnen töten,
144 1494 1427 1534 kochen und braten sie. Darauf gehen Michel und Gorynja aus,
144 1554 1427 1596 Usynja aber lassen sie als haushalter zurück. Nach einer kurzen
141 1614 1427 1656 zeit erhebte sich plötzlich unter der diele hervor ein kleiner mann.
148 1674 1429 1716 Er stürzt sich auf Usynja, prügelt [ihn] und steckt [ihn] in eine
143 1736 1430 1777 spalte [in der wand]. Er selbst schrumpft zusammen und verwan-
145 1795 1430 1829 delt sich in einen heuhaufen und fällt durch ein loch in der diele
148 1855 1431 1896 hinab. Die brüder kommen herzu, sie fangen an essen zu ver-
148 1915 1432 1957 langen. Usynja sagt: »lch habe kohlendunst in den kopf gekriegt
147 1974 1432 2015 und kann euch nichts zu essen geben.» Darauf machen sie sich
144 2035 844 2077 selber essen zurecht [eig. essen sie].
254 2094 1432 2137 Am folgenden tag töten sie den zweiten ochsen und kochen
149 2155 1432 2195 und braten ihn. Dann lassen sie Gorynja als haushalter zurück,
148 2213 1434 2257 und Michel und Usynja gehen aus. Nach einiger zeit kommt wie-
146 2275 1432 2314 der der mann hervor: »Gotts wunder, schon den zweiten ochsen
150 2334 1435 2378 haben sie gegessen! Komm her, versuchen wir unsere kräfte!»
147 2394 1433 2439 sagt er zu Gorynja. Dann prügelt und prügelt er Gorynja und
150 2453 1436 2498 steckt [ihn] in eine spalte [in der wand]. Er selbst verwandelt sich
