1802 2976
693 284 887 313 — 281 —
148 374 1218 416 {20. mi ne̮ si̮ke̮d mi̮i̭ kutam kerni̮ se̮, i̮tški̮ni̮ al̕i vundi̮ni̮,}
212 435 949 478 {al̕i po₍tše̮s po₍tšam al̕i maje̮g sutškam?}
211 495 1160 536 {šondi-bane̮i̭, bur muži̮ke̮i̭, ńine̮m ve̮d mi eg kerle̮i̭,}
215 557 804 598 {tol̕ke̮ ve̮d pi̮zan dori̮n pukalim,}
215 616 1016 658 {tent̕śi̮d le̮śe̮de̮m-tše̮₍tše̮de̮mte̮ juim da śojim!}
149 677 695 718 {25. šondi-bane̮i̭, bur muži̮ke̮i̭!}
213 737 750 778 {sakarte̮ meni̮m jure̮n bośtlin,
215 798 747 839 {t̕śa̭i̭te̮ meni̮m punte̮n bośtlin.}
214 858 717 897 {e̮ni ne̮ kodi meni̮m bośtas?}
213 915 1315 958 {e̮ni tai̭ das-śižim ur don ke̮sja t̕śa̭i̭se̮ bośtni̮, da og vermi̮!}
151 978 706 1019 {30. seki me t̕śeri-ja̭i̭ vi̮li̮n oli,}
213 1039 741 1079 {seki ve̮li t̕śeri-ja̭ji̮s oz śoi̭śi̮;}
215 1096 1172 1138 {e̮ni eśke̮ aža-ši̮dse̮ da kuśmanse̮ śojan, — da abu!}
215 1155 1432 1199 {si̮ dine̮ ve̮d ješše̮ zev una tor kole̮ meni̮m — paś-ke̮m, ke̮m-kot;}
216 1218 771 1257 {ki̮₍d̕źi ne̮ me śižimi̮sli̮ le̮śe̮da?}
152 1275 1223 1317 35. me ve̮d śiźimi̮zli̮ vi̮l̕-torse̮ te moz og vermi̮ le̮śe̮dni̮ se̮!}
152 1405 1381 1445 20. Was können wir mit ihm tun, mähen oder korn schneiden,
217 1464 1433 1505 oder einen zaun aufrichten oder stangen in die erde schlagen?
218 1524 1434 1565 Mein sönnchen, mein lieber mann, [zu deinen lebzeiten] haben
972 1584 1356 1624 wir ja nichts getan,
216 1645 942 1685 am tische nur haben wir ja gesessen,
218 1703 1435 1744 was du zubereitet, was du verschafft, tranken wir und assen!
153 1764 892 1801 25. Mein sönnchen, mein lieber mann!
219 1825 871 1863 Zucker kauftest du mir hutweise,
219 1885 863 1925 thee kauftest du mir in pfunden.
220 1945 872 1986 Wer wird mir [die] jetzt kaufen?
220 2002 1436 2046 Möchte ich jetzt auch nur für fünf kopeken thee kaufen, [nicht
976 2062 1400 2102 einmal das] kann ich!
155 2122 1437 2167 30. Damals [als du noch lebtest] hatte ich [in hülle und fülle] fisch
974 2182 1184 2220 wie fleisch,
219 2242 1436 2284 aber damals verlangte mich's nicht fisch und fleisch zu essen;
219 2301 1434 2345 jetzt ässe ich [sogar] kohlsuppe und rettig, — aber nichts ist da!
222 2362 1326 2405 Dazu ja brauche ich noch sehr viele — kleider, schuhe;
220 2423 960 2465 wie soll ich [die] für sieben schaffen?
157 2482 1358 2524 35. Ich kann ja doch nicht für sieben neues schaffen wie du!
