1780 2942
677 276 870 305 — 115 —
129 369 1415 412 {śoja». a rut̕ś šue̮: »en na mene̮ vi! me teni̮d bur ve̮₍t̕śa.» »no ladne̮!»}
129 429 1413 471 {rut̕ś šue̮ ivanli̮: »me muna tsar orde̮ i korala ni̮lse̮ te saje̮.» rut̕ś}
130 489 1411 530 {da ivan munisni̮ tsar orde̮, i nali̮ pani̮d loi das-ki̮k rut̕ś i šue̮ni̮:}
131 550 1412 592 {»ki̮t̕t̕śe̮ munan, ru₍t̕śe̮ t̕śoje̮?» rut̕ś šue̮: »me muna tsar orde̮ noraśni̮,}
132 610 1413 653 {mi̮i̭ mijane̮s ki̮je̮ni̮ bi̮d-nog». rut̕śjas šue̮ni̮: »mijane̮s tše̮tš bośt!»}
131 670 1412 712 {»bośta» rut̕ś šue̮. naja voisni̮ tsar orde̮. rut̕ś pi̮ris tsar dine̮, šue̮:}
131 730 1413 772 {»vot, te dine̮ loktis koraśni̮ ivan, kupet̕ś pi, i teni̮d vajis ge̮stińe̮t̕ś}
130 793 382 826 {das-ki̮k rut̕ś»,}
232 850 1413 885 {ivanle̮n ez ve̮l kerkai̮s aslas. rut̕ś kutis dumai̭tni̮: »ki̮t̕t̕śe̮}
132 908 1414 954 {taje̮jase̮s nuni̮!» rut̕ś dumai̭tis nuni̮ me̮d tsarstvoe̮. naja munisni̮}
130 968 1413 1011 {set̕t̕śe̮ me̮d tsar orde̮. ivan da rut̕ś munisni̮ vo₍d̕źi̮n. munisni̮ naja}
130 1030 1413 1074 {i voisni̮ pol̕e vi̮le̮. seni vi₍d̕źe̮ni̮ ve̮ljase̮s pastukjas. rut̕ś šue̮ pas-}
132 1089 1410 1135 {tukjasli̮: »ti viśtale̮i̭, kodi jualas, mi̮i̭ mi vi₍d̕źam ve̮ljasse̮ ivanli̮,}
132 1149 1412 1192 {tsar vois set̕t̕śe̮ i jualis: »kodli̮ vi₍d̕źanni̮d taje̮?» pastukjas šuisni̮:}
131 1212 631 1255 {»taje̮ mi vi₍d̕źam ivanli̮.»}
132 1342 1415 1384 aber sagt: »Schlag mich noch nicht tot! Ich erweise dir eine gute
132 1402 1414 1442 tat.» »Nun, schön!» Der fuchs sagt zu Ivan: »lch gehe zum
133 1462 1413 1497 zar und freie für dich um seine tochter.» Der fuchs und lvan
132 1517 1416 1564 gingen zum zar, und ihnen entgegen kamen zwölf füchse und
132 1582 1415 1624 sagten: »Wo gehst du hin, fuchs, liebes schwesterlein?» Der fuchs
133 1643 1415 1685 sagt: »lch gehe zum zaren um mich zu beklagen, dass man uns
133 1703 1414 1744 auf allemögliche weise zu fangen sucht.» Die füchse sagen: »Nimm
133 1762 1415 1803 uns mit!» »lch nehme [euch mit]», sagt der fuchs. Sie gelangten
133 1821 1415 1862 zum zaren. Der fuchs ging zum zaren hinein [und] sagt: »Nun,
133 1881 1415 1921 zu dir ist lvan, eines kaufmanns sohn, gekommen um zu freien,
133 1939 1123 1981 und hat dir als präsent zwölf füchse mitgebracht.»
237 2001 1417 2041 Ivan besass kein eignes haus. Der fuchs begann zu über-
132 2061 1417 2102 legen: »Wohin diese [d. h. die zarentochter und das gefolge des
134 2120 1414 2162 zaren] führen!» Der fuchs wollte sie in ein andres reich führen.
133 2181 1418 2222 Sie gingen [alle] dorthin zu dem anderen zaren. Ivan und der
133 2241 1415 2282 fuchs gingen voran. Sie wanderten und gelangten auf ein feld.
135 2301 1416 2341 Dort hüten die hirten pferde. Der fuchs sagt zu den hirten:
133 2361 1417 2401 »Wenn euch jemand fragt, so sagt: 'Wir hüten lvans pferde.'
135 2422 1421 2462 Der zar gelangte dahin und fragte: »Für wen hütet ihr diese?»
136 2481 1052 2521 Die hirten sagten: »Für lvan hüten wir diese.»
