1797 2942
722 245 873 274 — 63 —
560 336 928 379 {»ńin-ke̮mśa̭ń t̕śipan,}
560 397 845 440 {t̕śipanśa̭ń utka,}
560 458 874 500 {utkaśa̭ń d̕źo₍d̕źe̮g,}
558 521 828 560 {d̕źo₍d̕źe̮gśań i̮ž,}
558 578 720 621 {ižśa̭ń e̮š,}
560 639 791 680 {e̮šśa̭ń gorte̮!»}
253 733 1432 773 {oš ki̮le̮ma lokte̮. »ńorime̮, zev tai̭ le̮śi̮da śi̮lan! led̕ź ke̮t̕ men-}
148 792 1431 836 {śi̮m lapa-pe̮le̮s!» oš pi̮ras stavnas. »no śi̮v, ńorimḙ!» ńorim}
149 854 515 887 {kutas sid̕ź že̮ śi̮vni̮.}
252 913 1432 955 {ki̮le̮ma ke̮jin. »zev tai̭ le̮śi̮da, ńorime̮, śi̮lan! led̕ź ke̮t̕ menśi̮m}
150 973 1431 1017 {lapa-pe̮le̮s!» ke̮jin pi̮ras stavnas. »śi̮v, ńorimḙ!» ńorim bara}
149 1036 515 1069 {kutas sid̕ź že̮ śi̮vni̮.}
252 1094 1431 1135 {rut̕ś ki̮le̮ma lokte̮. sid̕ź že̮ ve̮zji̮śas ńorimli̮ šerdi̮nas. naja}
149 1155 1432 1189 {kutasni̮ ńol̕e̮n munni̮. nale̮n śie̮s-domi̮s ore̮. ńorim i̮stas oške̮s}
148 1215 1432 1258 {gezla. oš vajas gi̮r-ki̮zta: »ok te! i gezte̮ on kuž vai̭ni̮!» ńorim}
509 1354 1087 1392 »Für den bastschuh ein huhn,
508 1414 964 1452 für das huhn eine ente,
508 1473 947 1513 für die ente eine gans,
507 1533 945 1574 für die gans ein schaf,
506 1593 1033 1632 für das schaf einen ochsen,
506 1653 958 1687 mit dem ochsen heim!»
255 1739 1430 1780 Ein bär, der [den gesang] hörte, kommt herzu. »Gar schön,
149 1798 1428 1840 {ńorim, singst du! Lass mich, und sei es nur mit einer tatze [in
149 1858 1429 1900 deinen schlitten]!» Der bär steigt ganz in [den schlitten]. »Nun,
149 1916 1429 1961 sing, ńorim!» Der ńorim beginnt in derselben weise zu singen.
253 1978 1429 2018 Ein wolf hörte es »Gar schön, ńorim, singst du! Lass mich,
149 2037 1429 2078 und sei es nur mit einer pfote [in deinen schlitten]!» Der wolf
149 2097 1429 2140 steigt ganz hinein. »Sing, ńorim!» Der ńorim beginnt wieder in
149 2159 653 2199 derselben weise zu singen.
254 2219 1430 2259 Ein fuchs, der [den gesang] hörte, kommt herzu. Ebenso
150 2277 1429 2318 fleht er, er möchte in die worfel des ńorim kommen. Zu vieren
149 2338 1428 2381 beginnen sie dahinzuziehen. Das geschirr reisst ihnen entzwei.
151 2398 1431 2432 Der ńorim schickt den bären aus um seil zu holen. Der bär
148 2458 1429 2499 bringt seil von mörserdicke. »Ach du! Nicht einmal seil verstehst
