1822 2953
926 267 1098 296 — 2 —
783 365 936 393 {»me tene̮}
783 419 1284 462 {tojin-vežje̮n[?] vežjala[?].\1\
783 480 1232 523 {karnan-tšupte̮n tšuptala,}
781 541 1181 584 {śinmad pot pot li̮ja!»}
371 636 1263 677 {oš povźas da i pi̮šjas. ke̮t̕ś bara kutas be̮rdni̮:}
784 732 1144 774 {»te̮li̮n» pe̮ »li̮mjale̮:»}
786 793 1172 835 ete. ete, (wie oben).
372 886 1659 930 {ke̮jin ki̮le̮ma lokte̮: »ke̮₍t̕śe̮ t̕śoje̮, mi̮i̭ be̮rdan?» »ru₍t̕śi̮d ve̮d ve̮tlis!»}
372 947 1377 988 {»lok meke̮d, munam, ve̮tlam be̮r!» rut̕ś ad̕d̕źis i šue̮:}
786 1049 954 1076 {»me tene̮»}
787 1104 1171 1145 ete. ete, (wie oben).
580 1245 970 1278 »lch werde nach dir
582 1305 1431 1347 mit dem — ?— der mörserkeule schlagen,\1\
585 1365 1419 1407 mit dem haken des schulterjochs schlagen,
582 1425 1375 1465 die augen werde ich dir durchschiessen!»
480 1520 1661 1561 Der bär erschrickt und flieht. Der hase fängt wieder an zu
373 1579 508 1619 klagen:
582 1640 1064 1673 »Im winter fällt schnee?»
581 1701 966 1742 ete, ete, (wie oben).
482 1794 1661 1836 Ein wolf, der [das klagen] gehört hatte, kommt herzu: »Häs-
376 1854 1663 1895 chen, mein schwesterlein, was weinst du?» »Der fuchs hat mich
376 1914 1663 1959 ja vertrieben!» »Komm mit] mir, lass uns hingehen, wir jagen
380 1973 1535 2016 [ihn] wieder weg!» Der fuchs sah [sie kommen] und sagt:
584 2061 988 2094 »lch werde nach dir»
582 2122 969 2162 ete. ete. (wie oben).
481 2248 1665 2290 \1\ Möglicherweise lautete diese zeile ursprünglich so: tojin-vožje̮n}
378 2301 1664 2341 vožjala  mit einer deichsel [von der grösse einer] mörserkeule schla-
378 2351 1666 2392 gen Vgl. unten nr. 21: šerdi̮nse̮ tojin-vožje̮n vožjalas zz 'an der}
379 2404 1665 2444 worfel bringt er als deichsel eine mörserkeule [eig. „eine mörserkeulen-
379 2457 629 2497 deichsel“] an'.
