1806 2946
710 260 902 289 — 201 —
486 350 947 392 {arśa kuź voje̮n on vermi̮}
426 414 732 451 {10. ve̮te̮n ve̮taśni̮,}
487 472 962 513 {tuvsov kuź lune̮ on vermi̮}
486 531 744 572 {giže̮de̮n gižni̮.}
487 592 797 634 {i zev si̮li̮ pondis}
488 652 821 693 {lunja slava lokni̮:}
425 713 851 753 {15. ku₍d̕źi lun-te̮v lokte̮,}
487 773 899 813 {se₍tše̮ma i slava lokte̮;}
487 832 1023 875 {ku₍d̕źi te̮la di̮rji pu ńukl̕a̭śe̮,}
488 893 1117 934 {se₍tše̮ma pondis voi̭ja slava lokni̮.}
487 952 745 993 {si̮li̮ i šog loji,}
424 1012 840 1053 {20. pondis sija be̮rdni̮.}
489 1072 900 1114 {taja lunja slava kuźa,}
487 1132 973 1173 {da taja voi̭ja slava ponda}
489 1192 1028 1233 {love̮ pe̮ri̮ś starik saje̮ munni̮.}
488 1252 948 1293 {pe̮ri̮ś stariki̮d ve̮d oz kut}
424 1312 867 1353 {25. e̮grada sajad led̕źni̮:}
235 1448 1256 1490 [Sogar] in einer langen herbstnacht kannst du nicht
169 1509 781 1550 10. [von ihresgleichen] träumen,
235 1569 1296 1610 [sogar] an einem langen frühlingstage kannst du nicht
235 1629 940 1670 [ihresgleichen] im briefe beschreiben.
232 1689 600 1729 Und es fing ihr an
231 1749 1162 1789 des tags die klatscherei [zu ohren] zu kommen:
171 1809 783 1849 15. wie der südwind heranfliegt,
234 1868 977 1907 so kommt auch die klatscherei heran;
231 1928 960 1969 wie die bäume im winde sich biegen,
232 1988 1450 2029 so fing auch die klatscherei an des nachts [ihr zu ohren] zu
993 2050 1161 2081 kommen.
233 2091 704 2128 Sie wurde auch betrübt,
168 2150 666 2191 20. sie fing an zu weinen,
237 2210 977 2251 um dieser täglichen klatscherei willen,
234 2270 1077 2310 und um dieser nächtlichen plauderei willen
232 2330 1075 2371 muss sie sich mit einem greise verheiraten.
234 2390 766 2423 Der alte aber will sie nicht
168 2450 879 2490 25. aus der umzäunung herauslassen:
