1834 2958
923 230 966 259 —
990 230 1030 259 24
1052 247 1095 250 —

996 357 1013 385 9
1019 380 1024 385 .

833 441 946 471 t'sers
976 439 1084 471 kuza
1114 443 1194 479 njv.

474 534 534 567 olis
556 534 634 567 vilis
656 534 757 567 stank
780 534 881 575 gozja.
925 534 1021 567 nalen
1045 535 1104 568 veli
1127 537 1207 568 t'sers
1231 535 1312 568 kuza
1336 536 1404 577 niv.
1447 536 1561 577 joma
1589 538 1658 570 vois

370 596 505 627 korasni
527 594 700 635 t'sun-jezvi
724 595 805 627 lmza
828 606 862 636 p%
886 595 990 636 sajas:
1016 596 1132 628 »stank
1148 595 1247 636 gozja,
1264 596 1367 628 stank
1382 596 1484 637 gozja,
1501 598 1657 630 setannid

370 655 440 689 od-e
471 655 645 696 tsun-jezvi
673 656 753 688 kuza
775 656 811 696 pi
838 656 906 696 saje
928 659 1009 688 t'sers
1032 656 1114 689 kuza
1136 656 1282 689 nivnite?
1327 657 1437 690 ode-ke
1458 660 1547 697 setei,
1575 660 1659 690 tSin-

371 719 536 758 petannite
559 716 669 757 lupka,
693 719 942 758 e.dzes-petanni
944 721 971 750 te
993 717 1106 757 pika!»
1139 716 1215 756 naje
1236 716 1362 755 Suisnj:
1387 726 1400 748 »
1402 728 1443 750 по
1466 723 1578 757 setam,
1595 720 1660 751 mii

371 777 457 810 teked
480 777 610 818 keran!»
653 778 768 818 joma
791 777 874 810 niles
897 777 1000 810 bostas
1023 777 1037 810 i
1058 789 1155 810 nuas.

472 838 664 879 jovialen
694 838 763 879 piis
787 838 850 870 abu
872 838 885 870 i
908 838 1037 871 velema.
1084 838 1145 879 sije
1167 838 1251 871 niles
1273 843 1378 878 gortas
1401 838 1498 880 vajis.
1543 839 1656 880 joma

369 909 426 931 sue
448 899 547 932 nivli:
572 909 586 930 »
586 899 770 938 its-monej!
799 904 884 932 eslen
906 904 990 932 esten
1012 910 1061 931 em
1080 898 1174 939 i&jas,
1192 899 1266 932 vetli
1281 899 1323 931 da
1338 898 1419 931 Sir!»
1452 899 1514 939 sije
1529 900 1655 933 meded-

370 964 438 992 tsas
461 960 503 992 da
526 961 612 993 tedsa
635 961 719 993 t'etka
742 960 815 992 orde
838 963 942 1000 piras.
988 959 1049 1000 sije
1071 960 1208 992 veledas:
1234 960 1260 1001 »j
1272 972 1288 992 о
1298 960 1441 993 malen
1467 960 1579 1001 iSjas/s
1606 961 1660 993 ved

371 1020 528 1062 keiinjas!
576 1026 601 1054 te
623 1022 704 1054 mun
728 1022 768 1054 da
792 1032 840 1062 pu
863 1021 925 1053 vile
948 1021 1019 1060 kai;
1044 1024 1101 1057 a/s
1108 1021 1140 1053 id
1162 1021 1217 1053 Su:

784 1107 923 1148 ’iijasei,
952 1107 1072 1147 iijasej,

781 1168 876 1199 lolctei
899 1172 925 1199 te
950 1167 1055 1206 lolctei,

998 1331 1016 1359 9
1022 1353 1027 1358 .

667 1415 750 1446 Das
783 1413 1104 1453 spindellange
1136 1413 1365 1445 mädchen.

476 1508 520 1539 Es
555 1516 621 1539 war
655 1507 776 1539 einmal
809 1507 860 1539 ein
894 1517 995 1539 mann
1029 1509 1097 1540 und
1130 1508 1202 1540 eine
1236 1508 1318 1539 krau.
1366 1507 1418 1539 Sie
1440 1508 1562 1541 hatten
1586 1508 1658 1540 eine

371 1567 599 1607 spindellange
624 1568 764 1601 tochter.
807 1568 865 1608 Die
888 1568 976 1608 joma
998 1569 1088 1606 kam,
1114 1578 1170 1599 um
1195 1568 1247 1600 für
1273 1567 1389 1608 [ihren]
1416 1568 1655 1609 fingergelenk¬

371 1627 490 1667 langen
514 1628 598 1660 sohn
623 1637 680 1660 um
703 1628 748 1660 sie
772 1629 993 1661 anzuhalten:
1019 1629 1136 1660 »Mann
1160 1629 1229 1660 und
1254 1629 1338 1666 frau,
1363 1637 1466 1660 mann
1483 1629 1553 1661 und
1571 1629 1656 1667 trau,

371 1688 450 1727 gebt
485 1688 537 1719 ihr
572 1688 655 1728 [mir]
682 1688 736 1720 für
760 1689 824 1720 den
850 1688 1195 1729 fingergelenklangen
1219 1689 1303 1721 sohn
1328 1698 1404 1721 eure
1428 1688 1656 1728 spindellange

371 1748 504 1779 tochter
528 1749 607 1780 oder
630 1748 745 1781 nicht?
780 1750 887 1781 Wenn
911 1749 962 1780 ihr
988 1749 1056 1788 [sie]
1083 1749 1176 1781 nicht
1192 1749 1282 1789 gebt,
1302 1748 1469 1788 verstopfe
1486 1748 1539 1781 ich
1556 1757 1656 1780 euren

371 1807 578 1840 Schornstein
607 1810 698 1848 [und]
724 1817 834 1848 sperre
859 1817 934 1840 eure
965 1811 1020 1840 tiir
1043 1809 1114 1840 zu!»
1159 1808 1211 1841 Sie
1235 1813 1367 1848 sagten:
1392 1809 1496 1846 »Nun,
1521 1808 1580 1840 wir
1603 1818 1657 1848 ge¬

371 1867 435 1900 ben
468 1868 524 1906 sie,
552 1887 590 1891 —
615 1877 681 1900 was
712 1869 802 1900 kann
836 1878 914 1901 man
947 1869 1042 1901 dabei
1072 1869 1135 1901 mit
1165 1869 1216 1900 dir
1239 1868 1441 1908 anfangen!»
1487 1868 1546 1909 Die
1569 1868 1659 1909 joma

372 1928 493 1959 nimmt
517 1929 576 1960 das
600 1929 763 1961 mädchen
788 1930 856 1961 und
880 1929 973 1961 führt
1001 1931 1056 1969 [es]
1083 1928 1144 1960 mit
1170 1928 1239 1961 sich
1262 1928 1340 1960 fort.

476 1988 536 2028 Die
559 1988 646 2028 joma
670 1990 749 2020 aber
772 1989 867 2021 hatte
891 1998 950 2029 gar
972 1989 1092 2021 keinen
1115 1990 1211 2021 sohn.
1246 1988 1299 2021 Sie
1322 1988 1462 2020 brachte
1487 1989 1546 2020 das
1563 1989 1656 2020 mäd¬

372 2048 455 2080 chen
479 2058 519 2080 zu
543 2048 613 2080 sich
636 2049 839 2082 nachhause.
887 2049 947 2090 Die
968 2049 1056 2090 joma
1080 2051 1154 2089 sagt
1177 2059 1218 2081 zu
1242 2050 1319 2081 dem
1343 2049 1522 2081 mädchen:
1553 2049 1657 2081 »Mein

371 2108 779 2148 schwiegertöchterchen,
814 2110 889 2141 dort
923 2110 991 2140 und
1016 2110 1091 2141 dort
1115 2109 1190 2141 sind
1213 2109 1337 2148 Schafe,
1363 2110 1424 2150 geh
1449 2110 1518 2141 und
1542 2109 1658 2142 schere

375 2168 481 2208 [sie]!»
525 2168 578 2200 Sie
610 2170 725 2200 macht
748 2169 818 2201 sich
842 2170 912 2208 auf,
937 2169 1015 2209 geht
1047 2170 1126 2201 aber
1155 2179 1196 2200 zu
1220 2169 1308 2201 einer
1330 2170 1525 2201 bekannten
1549 2171 1655 2201 taute.

373 2228 469 2260 Diese
497 2232 549 2260 rät
578 2229 642 2260 ihr:
676 2230 752 2261 »Die
785 2229 897 2261 schafe
930 2229 988 2269 der
1009 2229 1096 2269 joma
1120 2230 1194 2261 sind
1218 2229 1253 2268 ja
1276 2230 1386 2261 wölfe!
1434 2230 1504 2262 Geh
1530 2230 1574 2260 du
1598 2228 1658 2260 hin

372 2288 440 2319 und
465 2288 586 2320 klettre
611 2288 643 2320 in
668 2289 762 2320 einen
786 2290 906 2327 bäum;
932 2298 1022 2328 sage:

586 2383 610 2404 •
682 2374 800 2406 'Meine
822 2374 946 2412 schafe,
971 2373 1079 2407 meine
1102 2375 1228 2413 schafe,

678 2435 809 2465 kommt
834 2434 930 2471 doch,
955 2434 1086 2465 kommt
1110 2434 1234 2472 herbei,
