1833 2951
945 240 1098 269 — 104 —
374 334 1664 375 {doras i led̕t̕śis. marpida tsarevna munis da munis: vois kerka.}
374 394 1667 437 {pi̮ris, a seni joma baba pukale̮. marpida tsarevna šuis: »pipi-}
376 455 1664 498 {li̮s se̮ke̮l ez voli̮?» a pipili̮s se̮ke̮l t̕śḙt̕t̕śi̮štis pat̕t̕śerśi̮s. marpida}
376 516 1668 559 {tsarevna šue̮: »mi̮i̭la ne̮ pi̮šjin?» »a mi̮i̭la ne̮ viśtalin mami̮dli̮?!»}
375 576 1667 619 {»lok, munam!» joma baba šue̮: »en, en mun! me ted vaja re̮m-}
374 637 1667 680 {pe̮štan, me ted vaja si̮nan, me ted vaja kuri̮d!» pipili̮s se̮ke̮l}
373 698 1664 739 {šuis: »te ve̮d di̮r vetlan!» »zev regi̮d vetla, d̕źik ve̮v moz!» »mun ine̮,}
374 758 1666 801 {vetli̮!» joma baba voślale̮ d̕źik jem-vomle̮se̮n. joma vais že̮ ku-}
374 818 1109 860 {ri̮dse̮, kuri̮dse̮ juisni̮ i e̮ni ole̮ni̮ vi̮le̮ni̮.}
992 964 1042 993 36.
837 1040 1205 1081 {pipili̮sti̮ se̮ke̮l.}
476 1125 1666 1168 {važe̮n olis vi̮lis e̮t̕ik ozi̮r mort. si̮le̮n ve̮li kuim ni̮v. ni̮vjase̮s}
374 1185 1664 1226 {zev jona bat̕ l̕ubitis. e̮t̕t̕śi̮d ozi̮r mort me̮de̮d̕t̕śi̮ni̮ kutis muke̮d sarst-}
374 1317 1664 1361 sie fliegen] und liess sie am [anderen] ufer nieder. Prinzess
375 1379 1664 1420 Martha wanderte ohne unterlass: sie gelangte an eine hütte. Sie
372 1438 1662 1480 trat hinein, und da sitzt die alte {joma}. Prinzess Martha sagte:
373 1498 1664 1540 »lst der falke Pipilys nicht hierher gekommen?» Aber da hüpfte
373 1559 1660 1600 der falke Pipilys vom ofen herab hervor. Prinzess Martha sagt:
373 1619 1666 1652 »Warum bist du denn entflohen?» »Aber warum erzähltest du der
372 1679 1659 1720 mutter [von wem du den gelben anzug erhalten hattest]?!» »Komm,
371 1738 1663 1780 lass uns weggehen!» Die alte {joma} sagt: »Geh nicht, geh nicht!
374 1798 1662 1840 Ich bringe dir einen spiegel, ich bringe dir einen kamm, ich bringe
372 1858 1657 1900 dir branntwein!» Der falke Pipilys sagte: »Aber du bleibst [eig.
370 1918 1662 1960 wanderst] wohl gewiss lange!» »lch gehe sehr schnell, genau wie
371 1978 1662 2019 ein pferd!» »Nun dann geh, mach dich auf!» Die alte {joma} trip-
370 2039 1659 2080 pelt nur mit schritten von der grösse einer nadelbreite. Die {joma}
370 2099 1664 2139 brachte dennoch branntwein, den branntwein tranken sie, und sie
368 2160 1556 2200 leben heute noch. (Ust̕sysol̕sk.)
989 2249 1039 2278 36.
754 2315 1273 2355 Der falke Pipilysty.
472 2392 1659 2427 Es lebte einmal ein reicher mann. Er hatte drei töchter.
369 2452 1659 2487 Der vater hatte seine töchter sehr lieb. Einmal machte der reiche
