1827 2948
777 243 799 271 -
824 243 861 271 21
885 259 928 263 —

203 335 286 376 tsoja
311 335 389 367 voita
413 335 506 367 kutas
528 340 671 367 seravnl:
696 334 773 372 »di/»
796 345 836 374 pc
859 344 912 366 »en
935 338 971 366 Se
993 333 1064 373 su!»
1100 333 1212 373 joma
1236 343 1353 365 munas
1376 331 1483 371 berdig

202 394 282 436 iirji.
328 395 413 436 Isoja
437 395 516 427 voka
539 400 643 434 gortas
665 396 795 436 pirasni
818 395 859 427 da
882 394 894 426 i
918 399 971 427 eni
994 394 1087 427 oleni.

830 548 849 576 8
853 571 859 577 .

568 630 680 670 joma
711 630 727 662 b
738 630 785 662 ab
796 630 815 662 a
845 630 893 662 da
924 630 943 668 k
954 630 998 668 jk
1028 632 1076 661 ni
1085 640 1112 661 v.

305 724 438 757 olemaes
471 724 621 764 vjlemaes
654 724 753 765 gozja.
799 724 897 756 nalen
923 724 1039 757 velema
1062 724 1127 756 etik
1151 734 1173 756 n
1174 733 1213 756 tv.
1257 726 1377 755 mamis
1401 722 1481 760 kuli,

202 786 259 817 bat’
259 790 287 817 is
317 785 388 817 med
419 785 497 817 baba
522 785 616 825 vajis.
661 785 745 817 silen
767 785 837 817 med
859 788 913 816 niv
937 785 989 817 loi.
1037 784 1120 816 fetka
1143 783 1292 815 stariklis'
1314 786 1405 815 nivse
1427 783 1483 814 vek

202 845 272 879 vides
305 845 344 877 da
379 847 473 885 nejte.
518 845 616 878 ettsid
649 845 727 876 baba
760 845 818 884 iu§
849 845 1005 883 muijkl}:
1042 853 1103 876 »nu
1136 848 1218 876 nivte
1251 843 1398 875 kiftse-ke
1428 842 1484 874 sin

204 905 334 936 ro.dzis!
368 906 432 943 vai,
456 905 512 936 kos
533 904 676 945 jukmese
699 904 895 936 leftsedam!»
928 904 1006 944 njles
1020 903 1169 937 Sibäisni.
1205 904 1266 943 sije
1282 903 1353 935 seni
1368 902 1484 935 munis

201 965 241 996 da
265 965 391 998 munis:
416 969 471 997 veS
494 965 566 997 vid'z
588 965 664 997 vois.
698 965 769 997 seni
793 965 896 1005 vevjas
919 964 1046 1004 jirsenj.
1081 964 1143 1004 sije
1167 964 1258 1004 najes
1281 965 1418 997 malalas
1441 964 1483 997 da

203 1026 366 1066 lapkedas.
410 1025 516 1066 vevjas
546 1026 656 1058 Sueni:
691 1031 733 1057 »le
764 1036 899 1063 munan,
923 1025 964 1065 da
988 1025 1099 1065 joma
1124 1025 1254 1057 babalen
1278 1025 1374 1058 kerka
1396 1036 1482 1058 voas.

201 1085 263 1126 sije
293 1090 360 1118 tene
390 1090 509 1126 pitsan
531 1085 655 1117 ved'itni
680 1086 805 1123 tseklas,
830 1097 849 1117 a
872 1095 960 1117 sessa
983 1085 1074 1125 vajas
1099 1085 1162 1117 leza
1185 1096 1203 1124 g
1206 1086 1236 1118 er
1238 1086 1278 1117 da
1302 1085 1367 1117 kud
1390 1085 1432 1117 da
1455 1090 1482 1117 te

202 1215 271 1247 und
295 1216 416 1246 bruder
440 1224 480 1246 zu
502 1215 633 1247 lachen:
659 1208 792 1252 »Ätsch,
816 1215 908 1246 recht
933 1215 1000 1246 so!»
1019 1223 1116 1253 sagen
1135 1214 1191 1253 sie,
1210 1215 1300 1245 »hast
1318 1224 1380 1246 uns
1396 1215 1482 1246 doch

202 1274 295 1306 nicht
329 1273 527 1314 eingeholt!»
583 1273 642 1315 Die
675 1273 763 1315 joma
797 1274 876 1313 geht
910 1274 1059 1306 weinend
1097 1275 1174 1314 [von
1208 1274 1366 1314 dannen].
1424 1274 1483 1307 Die

201 1334 379 1367 Schwester
400 1335 467 1366 und
484 1334 543 1366 der
560 1334 680 1365 bruder
696 1336 804 1366 treten
821 1333 854 1365 in
872 1334 941 1366 ihre
957 1336 1054 1366 stube
1072 1336 1139 1366 und
1155 1334 1252 1366 leben
1269 1334 1368 1366 heute
1386 1334 1481 1366 noch.

440 1421 493 1460 (In
518 1420 743 1460 ustsysoTsker
765 1420 925 1452 mundart
949 1429 1015 1451 von
1039 1419 1147 1452 einem
1170 1420 1333 1452 mädchen
1358 1429 1417 1452 aus

515 1472 668 1505 Usf-nem
694 1473 747 1512 [an
772 1472 830 1504 der
854 1473 972 1504 oberen
996 1472 1180 1511 Vytsegda]
1207 1471 1360 1511 erzählt.)

827 1614 845 1640 8
849 1634 856 1642 ,

331 1696 407 1727 Die
441 1695 533 1735 alte
564 1695 674 1735 joma
711 1696 795 1727 und
830 1695 898 1728 die
932 1695 1092 1727 beiden
1126 1696 1350 1727 mädchen.

305 1792 348 1822 Es
379 1800 447 1823 war
478 1790 598 1822 einmal
630 1790 680 1822 ein
712 1790 865 1830 ohepaar.
912 1790 963 1822 Sie
996 1790 1114 1822 hatten
1139 1789 1210 1822 eine
1234 1790 1374 1821 tocliter.
1423 1789 1484 1822 Die

200 1854 332 1884 mutter
360 1852 464 1890 starb,
490 1852 547 1883 der
577 1853 670 1883 vater
694 1851 795 1883 nahm
819 1851 890 1883 eine
915 1851 1036 1883 andere
1060 1851 1144 1883 Iran.
1194 1851 1237 1881 Er
1259 1850 1382 1882 bekam
1409 1849 1481 1890 [mit

200 1910 308 1944 dieser
339 1910 425 1952 trau]
463 1911 515 1943 ein
549 1911 681 1943 zweites
716 1911 891 1943 mädchen.
944 1912 1003 1943 Die
1038 1910 1244 1942 Stiefmutter
1278 1910 1376 1942 schilt
1411 1911 1479 1942 und

200 1971 330 2011 schlägt
355 1972 530 2011 beständig
553 1971 606 2002 die
630 1971 762 2003 tochter
784 1971 870 2003 ihres
892 1979 1042 2003 mannes.
1080 1971 1212 2002 Einmal
1236 1973 1309 2009 sagt
1334 1970 1386 2001 die
1406 1969 1480 2002 trau

200 2040 238 2062 zu
268 2032 395 2072 [ihrem]
423 2040 560 2063 manne:
585 2031 703 2070 »Bring
726 2031 821 2063 deine
844 2032 976 2062 tochter
999 2030 1225 2070 irgendwohin
1242 2040 1302 2062 aus
1323 2030 1477 2070 [meinen]

200 2099 307 2131 äugen
341 2091 426 2131 weg!
474 2091 609 2129 Komm,
634 2091 692 2122 wir
719 2091 825 2122 lassen
853 2090 921 2131 [sie]
948 2090 980 2122 in
1006 2090 1100 2122 einen
1123 2091 1304 2122 trockenen
1328 2091 1481 2121 brunnen

200 2151 334 2183 hinab!»
378 2151 431 2183 Sie
462 2151 586 2184 warfen
618 2151 678 2183 das
710 2150 872 2182 mädchen
907 2150 950 2190 [in
976 2150 1070 2182 einen
1100 2151 1277 2189 brunnen].
1327 2151 1410 2181 Dort
1437 2148 1482 2189 [in

200 2212 276 2243 dem
300 2212 464 2251 brunnen]
491 2211 640 2243 wandert
664 2220 698 2242 es
722 2211 789 2242 und
812 2210 976 2243 wandert:
1002 2219 1035 2242 es
1051 2211 1204 2250 gelangte
1221 2219 1260 2241 zu
1278 2209 1367 2241 einer
1382 2211 1483 2248 grün-

200 2280 264 2303 nen
289 2271 395 2304 wiese.
440 2272 523 2303 Dort
547 2270 671 2303 weiden
698 2271 823 2311 pferde.
867 2270 962 2303 Diese
988 2271 1156 2303 streichelt
1173 2271 1242 2302 und
1259 2269 1419 2302 tätschelt
1435 2277 1481 2301 es.

202 2332 262 2363 Die
286 2331 399 2371 pferde
423 2340 539 2372 sagen:
565 2332 633 2363 »Du
657 2332 752 2371 gehst
780 2332 972 2372 [geradeaus
994 2331 1119 2371 weiter]
1146 2331 1214 2362 und
1236 2331 1387 2370 gelangst
1404 2339 1482 2361 zum

200 2392 283 2424 haus
299 2392 358 2423 der
374 2391 466 2432 alten
479 2391 576 2432 joma.
613 2392 665 2424 Sie
690 2392 791 2424 heisst
815 2392 889 2423 dich
915 2392 968 2424 die
984 2392 1170 2423 badestube
1187 2390 1313 2429 heizen,
1331 2390 1480 2421 darnach

200 2453 280 2484 aber
304 2452 413 2492 bringt
438 2451 483 2484 sie
507 2452 558 2483 dir
581 2452 652 2483 eine
675 2452 774 2483 blaue
798 2452 866 2483 und
890 2452 962 2483 eine
985 2454 1056 2483 rote
1080 2451 1260 2488 schachte!,
1286 2451 1353 2482 und
1375 2450 1481 2482 nimm
