1786 2957
946 262 1080 316 116 —
456 364 1651 415 {ivan da rut̕ś voisni̮ me̮d tsar orde̮, tsarse̮ viisni̮ i aśni̮s set̕t̕śe̮}
362 425 584 472 {olme̮d̕t̕śisni̮.}
969 508 1037 562 41.
930 589 1082 640 {dureń}
465 678 1653 727 {važe̮n olisni̮ kujim vok. e̮t̕i ve̮li dureń. kor-ke̮ dureńe̮s i̮stisni̮}
367 739 1643 786 {solla. sija let̕t̕śis ju dore̮ juni̮. si̮li̮ vai̮s dubi̮d kažit̕t̕śis. dureń so-}
362 799 1648 847 {lalis no va vek dubi̮d. sija stav solte̮ kiśtis. loktis gortas. si̮li̮ś jua-}
361 859 1649 908 {le̮ni̮: »ki̮t̕t̕śe̮ solte̮ voštin?» dureń šue̮: »este̮n tai̭ ju ve̮li. vai̮s dubi̮d}
363 920 982 966 {ve̮li, i me stav solse̮ set̕t̕śe̮ kiśti.»}
466 981 1666 1029 {me̮di̮ś sije̮ i̮stisni̮ tagla. dureń le₍d̕źis e̮t̕i tag, seśśa stavse̮ te̮l}
357 1041 893 1091 {ji̮le̮. vokjas dureńe̮s ve̮tlisni̮.}
463 1102 1651 1148 {dureń ve̮re̮ kajas da e̮t̕i pu t̕śužjas; sija žugale̮. seśśa me̮de̮s t̕śuž-}
356 1162 1646 1212 {jas; sija pe̮ri. si̮ pi̮tški̮n ve̮li zel una d̕ḙńga. dureń stav bumaga-}
469 1293 1645 1342 Ivan und der fuchs gelangten zu dem anderen zaren, erschlu-
367 1354 1337 1400 gen den zaren und liessen sich selber dort nieder.
1159 1416 1550 1464 (Trojcko-Pečerskoe.)
983 1498 1031 1548 41.
814 1565 1196 1616 Der einfältige.
475 1645 1650 1696 Vor langer zeit lebten einmal drei brüder. Einer [von ihnen]
375 1705 1650 1755 war einfältig. Einmal schickten sie den einfältigen hin um salz
371 1768 1654 1815 zu holen. Er ging [auf dem heimweg] zum flussufer hinab um zu
363 1827 1652 1875 trinken. Seinem geschmack nach war das wasser salzlos. Der
365 1886 1653 1934 einfältige salzte [das wasser], aber das wasser war immer wieder
367 1946 1650 1994 salzlos. Er schüttete alles salz [in den fluss]. Er kam zuhause
372 2006 1643 2054 an. Sie fragen ihn: »Wo hast du das salz verloren?» Der ein-
366 2066 1654 2115 fältige sagt: »Nun, dort war ein fluss. Dessen wasser war salzlos,
365 2126 1106 2171 und ich schüttete alles salz dahinein.»
467 2186 1652 2234 Ein andermal schickten sie ihn hin um hopfen zu holen.
374 2246 1645 2294 Der einfältige liess [zuerst] einen hopfenknopf, dann alle mit
361 2306 1652 2353 dem winde [davonwehen]. Die brüder jagten den einfältigen fort.
471 2367 1653 2413 Der einfältige geht in den wald und stösst mit dem fuss an
367 2427 1656 2473 einen baum; der bricht. Dann stösst er nach einem zweiten; der
366 2487 1658 2532 fiel. Darin war sehr viel geld. Der einfältige wirft alles papier-
