1803 2952
918 265 1112 294 — 100 —
372 357 1659 402 {da set̕t̕śe̮ i vias. mika·i̭le̮ berge̮d̕t̕śis a sete̮n kujim t̕śoi̭ toman}
372 418 1658 460 {saji̮n pukale̮ni̮. naje̮s sije̮ le₍d̕źas, bośtas da roź doras loktas. śu-}
372 478 1659 522 {mi̮sse̮ trakńitas, vokjasi̮s i leptasni̮ ńol̕na·ni̮se̮. seśśa kujim vok ge̮t-}
372 539 1190 580 {raśasni̮ kujim t̕śoi̭ vi̮le̮. i e̮ni ole̮ni̮ vi̮le̮ni̮.}
990 710 1040 739 35.
790 792 1241 833 {marpida tsarevna.}
476 878 1660 922 {olisni̮ vi̮lisni̮ gozja. nale̮n ve̮li ni̮v marpida tsarevna. e̮t̕t̕śi̮d}
372 940 1659 982 {sije̮ kutis korni̮ mami̮sli̮ś paś-ke̮m: »mame̮i̭, mame̮i̭, vai̭-te̮ meni̮m}
374 1000 1659 1043 {ku₍tše̮m-ke̮ lopot̕-šoi̭». mami̮s šuis: »mun te pat̕t̕śer-sere̮gad, śe̮late̮}
374 1060 1659 1101 {kušti̮!» marpida tsarevna be̮rdis da be̮rdis. mami̮s e̮t̕t̕śi̮d vit̕śkoe̮}
371 1121 1659 1165 {munis. marpida tsarevna pi̮ris ge̮be̮₍t̕śas, pipili̮s se̮ke̮l sije̮s}
372 1181 1660 1225 {paśte̮dis t̕śig viž paś-ke̮me̮n i tše̮ktis munni̮ mu pi̮ri̮s i va pi̮ri̮s, med}
373 1242 1658 1286 {pe̮ abu jem-pon i̮šte̮m} [od. {i̮štme̮m} od. {i̮šta}] {ńa̭i̭t ńi va. marpida}
373 1373 1659 1416 zurück, und dort sitzen [unter der diele des hauses] drei schwe-
374 1434 1658 1476 stern hinter verschluss. Diese befreit er, nimmt sie [mit sich] und
374 1493 1658 1533 kommt an das loch. Er reisst an dem lederriemen, und die brü-
373 1554 1660 1593 der ziehen sie alle vier empor. Dann heiraten die drei brüder
374 1614 1314 1648 die drei schwestern. Und sie leben heute noch.
1315 1676 1556 1717 (Ust̕sysol̕sk.)
990 1781 1040 1810 35.
799 1856 1229 1888 Erinzess Martha.
480 1942 1659 1984 Es war einmal ein ehepaar. Sie hatten eine tochter, prinzess
376 2003 1656 2043 Martha. Einmal begann sie ihre mutter um kleider zu bitten:
375 2063 1658 2104 »Mütterchen, mein mütterchen, gib mir irgendwelche zerlumpte
374 2123 1658 2163 kleider!» Die mutter sagte: »Geh du in die hintere ecke des ofen-
374 2183 1659 2222 dachs, rupfe dort das haselhuhn!» Prinzess Martha weinte und
373 2242 1660 2283 weinte. Einmal ging ihre mutter in die kirche. Prinzess Martha
373 2302 1659 2343 ging in das kellergeschoss hinunter, dort kleidete sie der falke
374 2362 1658 2403 Pipilys in einen ganz gelben anzug und hiess sie über felder und
375 2422 1658 2464 flüsse so zu wandern, dass [an die kleider] nicht schmutz von
374 2483 1661 2525 nadelskopfsgrösse noch wasser käme. Prinzess Martha ging über
