1796 2933
704 258 876 286 — 171 —
775 379 803 405 7.
650 458 927 499 {joma da pi.}
251 553 1429 595 {olisni̮ vi̮lisni̮ muži̮k gozja. nale̮n ve̮li kujim ni̮v da e̮t̕i pi.}
148 613 1434 656 {nale̮n pesni̮s bi̮ri, da kajisni̮ pes keravni̮ ki̮k ni̮v da pi. naje̮ ve̮re̮}
150 675 1214 716 {voisni̮; pii̮s indis t̕śoi̭jasi̮sli̮ pes, a₍t̕śi̮s muni korśni̮ pes.}
251 733 1432 775 {si̮li̮ vois i₍t̕śe̮t kerka. set̕t̕śe̮ pise̮ joma pi̮rtis. t̕śoi̭jasle̮n vok}
149 793 1433 836 {voši. naje̮ gorzisni̮ da gorzisni̮, ńe-ku₍tše̮m ge̮le̮s ez ki̮vli̮. seśśa ki̮k}
150 854 1431 895 {ni̮li̮s gortas let̕t̕śasni̮, bat̕ni̮sli̮ viśtalasni̮: »voki̮d pesse̮ korśni̮ munis,}
151 914 1434 957 {vošis da ńe·ku₍tše̮m ge̮le̮s ez śetli̮.» bat̕ni̮s šuis: »jesli-ke̮ voke̮s one̮}
152 974 1435 1016 {korśe̮i̭ da vaje̮i̭, me tijanli̮ś jurni̮te̮ kerala, pes-plaka vi̮li̮n kerala!»}
150 1035 949 1075 {seśśa med i̮₍dži̮d ni̮vse̮ korśni̮ i̮stasni̮ ve̮re̮.}
254 1094 1432 1136 {si̮je̮ kajas da si̮li̮ pani̮d lovas šańga-gruda. šańga-grudali̮ šuvas:}
784 1262 809 1290 7.
411 1336 1176 1376 Die [alte] {joma} und der knabe.
263 1431 1438 1464 Es lebte einmal ein mann mit seiner frau. Sie hatten drei
154 1491 1439 1533 töchter und einen sohn. Das brennholz ging ihnen aus, und zwei
154 1552 1436 1591 mädchen und der knabe machten sich auf, um holz zu hacken.
156 1612 1439 1652 Sie gelangten in den wald; der knabe zeigte seinen schwestern
157 1672 1440 1713 einen holzplatz [eig. die scheite], er selber ging [weiter weg], um
155 1732 452 1764 holz zu suchen.
262 1791 1441 1832 Er gelangte zu einer kleinen hütte. Die [alte] {joma} führte
159 1851 1442 1893 den knaben da hinein [in die hütte]. Den schwestern ging der
158 1911 1443 1951 bruder [so] verloren. Sie riefen, was sie konnten, kein laut war
163 1971 1444 2011 [als antwort] zu hören. Dann kommen die beiden mädchen zu-
159 2030 1443 2070 hause an [und] erzählen ihrem vater: »Der bruder ging fort, um
159 2090 1445 2129 brennholz zu suchen, verirrte sich und hat keinen laut [als ant-
160 2150 1445 2191 wort] gegeben [obgleich wir riefen].» Ihr vater sagte: »Wenn ihr
161 2209 1442 2253 eueren bruder nicht aufsucht und [nachhause] bringt, hacke ich
162 2270 1446 2310 euch den kopf ab, auf dem holzklotz hacke ich ihn euch ab!»
163 2329 1444 2368 Dann schicken sie die älteste schwester in den wald, um zu suchen.
265 2388 1445 2432 Sie geht und ihr entgegen kommt ein roggenkuchenhaufen. Zu
164 2449 1446 2492 dem roggenkuchenhaufen sagt sie: »Mein roggenkuchen, mein rog-
