1802 2980
884 281 1012 311 – 214
710 373 1147 415 {e̮t̕ik bur ki̮v gore̮d̕t̕śi̮ni̮.}
709 433 1314 475 {una ve̮d tijanke̮d vetli da muni,}
660 494 1289 537 5. una ve̮d tijanke̮d śi̮li da vorsi,}
710 555 1237 596 {ene̮ ti mene̮ ge̮l̕tle̮i̭, ome̮l̕tle̮i̭!}
708 615 1283 658 {rot̕ś bojarjase̮i̭, musa vokjase̮i̭!}
711 676 1282 717 {bi̮dse̮n tai̭ menam kol̕i da bi̮ri}
709 738 1035 777 {nem-kadte̮m kade̮,}
647 800 1076 841 {10. nem-pe̮rate̮m pe̮rae̮!}
708 859 1160 900 {ve̮l̕iśt̕i na ke̮sji śi̮vni̮ te̮,}
709 920 1170 962 {ve̮l̕iśt̕i na ke̮sji vorsni̮ te̮}
710 981 1039 1022 {rot̕ś akańjase̮i̭ke̮d,}
709 1042 1049 1082 {musa t̕śoi̭jase̮i̭ke̮d!}
943 1174 1016 1205 2 d.
910 1242 1046 1274 {že̮ńikli̮.}
707 1319 1180 1359 {me te orde̮ lokta, końe̮re̮i̭,}
709 1379 1351 1422 {en te mene̮ kut ge̮l̕tni̮ da ome̮l̕tni̮!}
503 1507 1179 1551 um ein gutes wort [mir] zu sagen.
501 1568 1288 1610 Viel ja wandert' und streift' ich umher,
452 1628 1246 1671 5. viel ja sang ich mit euch und spielte,
504 1688 1292 1731 nennt mich nicht gering, nicht schlecht!
503 1749 1464 1790 Ihr russischen bojaren, meine trauten brüderlein!
502 1808 1310 1852 Alles ging ja [nun] von mir und zu ende
502 1869 883 1910 zu ungelegener zeit,
441 1929 799 1962 10. vor seiner zeit!
505 1987 1178 2030 Eben noch gedacht' ich zu singen,
502 2048 1051 2089 eben noch wollte ich spielen
503 2108 1104 2150 mit meinen russischen puppen,
501 2167 1183 2203 mit meinen trauten schwesterchen!
963 2282 1036 2313 2 d.
807 2351 1141 2389 An den bräutigam.
501 2426 980 2467 Zu dir komme ich arme,
500 2484 1515 2528 fang nicht an mich gering und schlecht zu nennen!
