1803 2969
926 290 1119 319 — 148 —
482 384 1665 427 {20. po₍tši̮s žugedlan, tḙt̕śni̮ ńi-kùd̕ź on vḙrmi̮. — sartas ju-}
380 444 491 477 {kalem.}
482 506 1516 548 {21. śè̮d me̮s pi̮šjɛ, ge̮rd me̮s ve̮tedɛ. — pat̕ś lomti̮śem.}
482 567 1326 609 {22. śè̮d vè̮r ko̭sti̮n po̭n ütɛ. — pe̮s keralem.}
482 627 1664 669 {23. t̕śḙrii̮s li̮tem, vai̮s sè̮d̕ź, va-dori̮s ke̮rt. — kè̮d-ńa̭ń, vi̮i̭, rat̕ś.}
482 687 1278 728 {24. t̕śoi̭ vod̕t̕śa va kajɛ. — me̮s juem va.}
482 748 1227 788 {25. ńlań juren kòz bi̮dmɛ. — me̮s-bè̮ž.}
800 923 1240 964 2. Untere Vyčegda.
923 1005 1121 1046 (Kokvic1.)
481 1094 1169 1136 {26. bi̮d terkai̮n oš-lapa. — li̮sa-pu.}
480 1156 1664 1197 {27. de̮mas de̮mas vi̮le̮, rotas rotas vi̮le̮, jema suńi̮sa abu ve̮-}
378 1216 758 1257 {le̮ma. — pi̮vśan-gor.}
480 1277 1426 1318 {28. ki̮z ki̮z ni̮v, ńak pe̮le̮di̮s ki̮skale̮ni̮. — e̮₍d̕źe̮s.}
480 1408 1664 1450 20. Einen zaun reissest du nieder, du kannst [ihn] durchaus
378 1468 1663 1509 nicht [wieder] zusammenbringen. — Das spalten des kienspans.
478 1528 1662 1569 21. Eine schwarze kuh läuft, eine rote kuh setzt [ihr] nach.
375 1589 858 1621 — Das heizen des ofens.
480 1649 1664 1682 22. Inmitten eines düsteren waldes bellt ein hund. — Das
376 1710 594 1742 holzhacken.
480 1769 1664 1809 23. Der fisch ist ohne gräten, das wasser ist klar, der strand
377 1829 1344 1869 ist eisern. — Der kuchen, die butter, die pfanne.
480 1889 1664 1929 24. Das wasser steigt bergauf. — Das von der kuh getrun-
376 1951 614 1982 kene wasser.
480 2008 1663 2048 25. Eine fichte wächst mit dem wipfel nach unten. — Der
378 2070 612 2102 kuhschwanz.
480 2128 1575 2169 26. In jedem hause eine bärentatze. — Der ofenwisch.
480 2189 1663 2230 27. Plicken [ist] auf flicken [gesetzt], lappen auf lappen,
376 2249 1662 2290 nadel und zwirn hat man nicht gebraucht, — Der badestubenofen.
480 2310 1664 2350 28. Ein dickes, dickes mädchen, an der einen brust zupfen
376 2371 758 2412 sie [es]. — Die tür.
476 2457 1663 2496 \1\ Ein kirchdorf, russ. Koknnup, syrj. Ot, e. Vo km. nordwärts
373 2511 1032 2551 von Ust̕sysol̕sk, unweit von Ustvym.
