1812 2950
905 229 1097 259 — 132 —
357 320 1650 362 {i t̕śḙt̕t̕śale̮ni̮. me jur-śi sultte̮d̕ź polźi. mol̕jas onme̮śśi̮te̮d̕ź pi̮r ge̮gl̕a̭-}
358 381 1650 422 {śisni̮. ńe-kod ńem-tor me̮da me̮dli̮ ege̮ li̮śte̮ ši̮alli̮ni̮. askinas t̕śḙt̕t̕śime̮}
359 442 1648 483 {da petime̮ vi₍d̕źe̮dli̮ni̮: stav mol̕l̕i̮s mestaase̮ś! seśśa si̮śa̭ń šabaš uźli̮ni̮}
360 502 1648 544 {školai̮n. sije̮ ge̮gl̕a̭śe̮mse̮ eg me e̮knam [od: e̮tnam] tol̕ke̮ ki̮l, a stavi̮s}
362 563 1648 603 {ki̮le̮mni̮. kodi si₍d̕źi ge̮gi̮l̕tis, kodi te̮de̮! no seti̮ś važ školaśi̮s unae̮n}
359 623 973 665 {šuli̮llisni̮ ki̮llig se₍tše̮m d̕ive̮jasse̮.}
975 740 1027 769 55.
944 816 1066 849 {te̮di̮ś}
463 895 1646 937 {važe̮n ve̮lle̮mni e̮t̕ik gozja i nije̮ me̮da me̮dse̮ zel jona l̕ubitle̮mni̮.}
359 956 1644 997 {ve̮le̮mni̮ pe̮ri̮śe̮ś ńin. mužiki̮s pondas viśni̮ da i ńḙd̕ḙl̕ ki̮mi̮n ńin viśe̮.}
360 1016 1647 1058 {seśśa sije̮ i šuve̮ babai̮sli̮: »me» pe̮ »daške̮ regi̮d ńin kula. kor, kula,}
360 1077 1649 1119 {seki mene̮ en mi̮śkal i en je̮ze̮s tše̮kti̮ mi̮śkalni̮; en ńe-kode̮s kor uźni̮}
362 1137 1646 1179 {i a₍t̕śi̮d en uźme̮t̕t̕śi̮ a askinas mene̮ d̕źebe̮.» seśśa kor-ke̮ mužik i kule̮.}
361 1198 1648 1239 {babai̮s be̮rdis be̮rdis da i asli̮s šuve̮: »ki̮₍d̕źi že̮ me asśi̮m mužike̮s og}
366 1328 1647 1369 sich mir die haare zu berge stiegen. Die perlen rollten immer-
365 1389 1647 1431 fort herum, bis [wir] einschliefen. Keiner von uns wagte dem an-
363 1448 1647 1489 deren ein sterbenswörtchen zu sagen. Am folgenden morgen stan-
362 1509 1645 1549 den wir auf und sahen nach: alle perlen waren an ihrem platze!
363 1569 1644 1602 Da war es hinfort mit dem in der schule schlafen vorbei.
362 1629 1644 1670 Jenes rollen habe ich nicht allein gehört, sondern alle hörten es.
364 1690 1647 1730 Wer es so rollen liess, das weiss der kuckuck! Aber von jener
361 1749 1646 1789 alten schule erzählten viele, sie hätten ähnliche wunder ver-
363 1818 528 1841 nommen.
978 1883 1028 1911 55.
816 1949 1194 1988 Der wahrsager.
464 2025 1647 2065 Es war einmal ein mann und eine frau, und die liebten ein-
361 2085 1645 2128 ander gar sehr. Sie waren schon alt. Der mann beginnt zu krän-
361 2146 1647 2189 keln und ist schon eine wochelang krank [gewesen]. Da sagt er
360 2205 1644 2246 zu seiner frau: »lch sterbe vielleicht schon bald. Wenn ich sterbe,
360 2266 1645 2307 so wasche mich nicht, rufe auch niemand anders um [mich] zu
361 2327 1645 2368 waschen; rufe niemanden um [im sterbezimmer] zu schlafen,
360 2386 1645 2428 schlafe auch selber nicht [dort], sondern begrabt mich am folgenden
360 2446 1647 2488 tage.» Nach einiger zeit stirbt dann der mann auch. Seine frau
