1812 2942
728 265 899 294 — 43 —
171 358 1053 398 {ke̮jin povźas i pi̮šjas. ke̮t̕ś bara kutas be̮rdni̮:}
583 452 944 493 {»te̮li̮n» pe̮ »li̮mjale̮:»}
583 513 970 553 ete. ete, (wie oben).
172 606 1456 648 {sije̮ ki̮las petuk: »mi̮i̭, ke̮₍t̕śe̮ t̕śoje̮, be̮rdan?» »ru₍t̕śi̮d ve̮d ve̮tlis!» »lok}
172 667 1381 708 {meke̮d, munam da ve̮tlam!» naje̮ munisni̮. rut̕ś ad̕d̕źis i šuis:}
585 757 752 785 {»me tene̮»}
584 813 969 854 etc, ete, (wie oben).
174 907 1455 949 {petuk oz povźi̮, a šuḙ: »me tene̮ t̕śa̭l̕je̮n t̕śa̭l̕ja!» petuk pi̮ris ker-}
174 968 1456 1008 {kae̮₍d̕źi̮s, pukśis śor vi̮las i šuis: »pet, kole̮-ke̮ ! on-ke̮ pet, me}
177 1027 1259 1069 {tenśi̮d śinte̮ kokala t̕śa̭l̕je̮n t̕śa̭l̕ja!» rut̕ś povźas i pi̮šjas.}
278 1087 993 1128 {ke̮t̕ś da petuk ovme̮d̕t̕śasni̮ i e̮ni ole̮ni.}
277 1241 1457 1282 Der wolf erschrickt und flieht. Der hase fängt wieder an zu
172 1302 309 1343 klagen:
381 1363 861 1395 »Im winter fällt schnee?»
379 1423 764 1464 ete, ete, (wie oben).
281 1516 1456 1556 Dies hört ein hahn: »Was hast du, häschen, mein schwester-
174 1576 1457 1617 lein, zu weinen?» »Der fuchs hat mich ja vertrieben!» »Komm
174 1636 1459 1677 mit mir, lass uns hingehen und [ihn] verjagen!» Sie gingen. Der
176 1696 858 1737 fuchs sah [sie kommen] und sagte:
381 1791 784 1823 »lch werde nach dir»
381 1851 765 1891 ete. etc, (wie oben).
179 1942 1459 1984 Der hahn [aber] erschrickt nicht, sondern sagt: »lch kratze dich
178 2002 1459 2046 mit [meinen] sporen!» Der hahn trat bis in die stube hinein, setzte
177 2063 1459 2105 sich auf einen sparren und sagte: »Geh hinaus, sonst [eig.: wenn
178 2124 1459 2166 es nötig ist] ! Wenn du nicht gehst, picke ich dir die augen
177 2184 1459 2226 aus, kratze ich [dich] mit [meinen] sporen!» Der fuchs erschrickt
176 2245 373 2278 und flieht.
282 2303 1460 2337 Der hase und der hahn richten sich zusammen häuslich ein
176 2365 608 2398 und leben heute noch.
1119 2408 1357 2448 (Ust̕sysolks.)
