1787 2967
673 277 867 305 — 129 —
132 368 1419 409 {taa baba da i petas kerkaśi̮s i be̮rdig ti̮rji munas ki̮t̕t̕śe̮-ke̮. ve̮rali̮ś-}
128 428 1419 470 {jas šuve̮ni̮ sije̮ muni̮ś babai̮s ve̮le̮ma t̕śupa ńima že̮ i si̮ ponda sije̮}
132 488 1418 531 {pi̮šje̮ma seti̮ś, mi̮i̭ śorńite̮ni̮ t̕śupale̮n mužiki̮s voi̭na vi̮le̮ uśe̮ma}
131 548 1416 592 {(mužiki̮s ve̮le̮ma ke̮ni-ke̮ vetle̮dle̮). nije̮ šuve̮ni̮, sije̮ pe̮ ve̮rsa ge̮ti̮ri̮s ve̮li.}
744 676 796 705 50.
499 750 1046 790 {ve̮rsale̮n pon utśe̮m-ši̮.}
234 825 1418 867 {vi̮śtalle̮ni̮ ve̮rali̮šjas, mi̮i̭ ve̮rsajasle̮n ke̮ ponmi̮s utśe̮, je̮lai̮s oz}
130 886 1343 928 {mun. si̮ śert̕i i nije̮ te̮de̮ni̮, mi̮i̭ pon ve̮rsale̮n, je̮lai̮s ke̮ oz mun,}
746 1010 796 1038 51.
461 1085 1091 1125 {rai̭sa mužik i gažte̮mjas}
240 1163 1417 1196 {e̮t̕t̕śi̮d rai̭sa mužik ve̮l korśni̮ voe̮ma mit̕ušik ńa̭t̕ vi̮le̮. seśśa}
136 1223 1418 1265 {sije̮ ge̮ge̮r sultale̮mae̮ś mužikjas da i šue̮ni̮ pe̮: »mi» pe̮ »tene̮ nuvame!»}
136 1354 1416 1395 geht aus der hütte hinaus und entfernt sich weinend irgendwohin.
142 1414 1418 1456 Die jäger sagen, diese weggehende frau habe [wahrscheinlich] eben-
136 1475 1418 1515 falls t̕śupa geheissen, und deshalb wäre sie dort weggelaufen, als
136 1534 1417 1576 sie erzählten, der mann der {t̕śupa sei im kriege gefallen (ihr mann
142 1594 1418 1634 befand sich [wahrscheinlich] irgendwo auf der wanderschaft). Sie
136 1654 1341 1695 sagen, es [müsse wohl] die frau des waldgeistes gewesen sein.
750 1770 799 1798 50.
356 1834 1196 1874 Das bellen des waldgeisthundes.
240 1913 1418 1954 Die jäger erzählen, wenn die hunde der waldgeister bellen,
139 1974 1418 2013 gebe es keinen widerhall. Daher wissen sie auch, dass der hund
137 2033 1101 2074 einem waldgeist gehört, wenn kein echo entsteht.
751 2141 802 2170 51.
179 2206 1374 2246 Der mann aus dem dorfe rai̭} und die kobolde.
241 2284 1418 2325 Einmal kam ein mann aus dem dorfe rai̭ an den sumpf [bei
137 2344 1417 2384 dem dorfe] mitušik\1\ um ein pferd zu suchen. Da stellten sich um
137 2404 1415 2445 ihn herum männer auf und die sagen: »Wir führen dich [mit uns]
240 2490 833 2531 \1\ Ein dorf (russ. Mnrpienckan).
1298 2543 1314 2568 9
