1793 2939
677 236 804 265 – 165
236 327 1416 369 {193. šutje̮n-šat̕je̮n, je̮ge̮n, kol̕jen, bad̕je̮n, bakae̮n, śiśke̮n kor
131 388 594 421 {sulavle̮ni̮? — berba-lune̮.}
237 448 1130 490 {194. že̮le̮b dori̮n teś-taśti (od: -taśti̮). — te̮li̮ś.}
237 509 1328 549 {195. že̮le̮b dori̮n teś-taśti̮ da t̕śuž-taśti̮. — te̮li̮ś da šondi̮.}
237 569 1417 610 {196. ti̮ voi̭ti̮šte̮, ta voi̭ti̮šte̮, ńe̮t̕t̕śi̮d (od: ńe-kor) oz voi̭ti̮št. —}
130 630 248 671 {iśerga.}
236 692 1004 731 {197. ti̮ vomi̮n ke̮rt megi̮r. — vedra-vug.}
238 751 1418 792 {198. tom di̮rji̮s suvtse̮n śetle̮, pe̮ri̮śmas da kopi̮rtni̮ kutas. —}
130 812 325 853 {i̮re̮š-lagun,}
237 871 902 912 {199. tutu ji̮li̮n ńa̭ń-šome̮s. — šep.}
235 931 1417 973 {200. tuv ji̮le̮ bi̮d tor e̮šje̮, da e̮t̕i (od: ki̮k) tor oz e̮šji̮. — kol̕k}
133 992 470 1032 {(od: kol̕k da va).}
236 1051 1219 1091 {201. tše̮ki̮d tše̮ki̮d ve̮r, da oške̮ś. — jur-śi i toi̭jas.}
240 1200 1417 1242 193. Wann stehen [die leute] mit zweigen, maserkügelchen\1\,
134 1261 1417 1300 kätzchen\1\, weiden, baumschwämmen\1\, kerzen [in den handen] da?
133 1322 532 1362 — Am palmsonntag.
240 1380 1418 1419 194. Neben der dachrinne eine schüssel mit gedörrtem ha-
153 1441 581 1473 ermehl. — Der mond.
239 1500 1416 1540 195. Neben der dachrinne eine schüssel mit gedörrtem ha-
135 1560 1416 1594 fermehl und eine schüssel mit malz. — Der mond und die sonne.
240 1619 1419 1661 196. Jener tröpfelt, dieser tröpfelt, es tröpfelt [jedoch] nie-
134 1681 751 1721 mals herab. — Die ohrgehänge,
241 1741 1420 1782 197. Quer über den see ein eisernes krummholz. — Der
134 1803 487 1835 henkel des eimers.
240 1861 1419 1903 198. Jung gibt es stehend, es wird alt — und beginnt
136 1920 862 1956 sich zu bücken. — Das dünnbierfass.
243 1980 1418 2021 199. Am ende des schösslings ein teigzuber. — Die ähre.
239 2039 1419 2082 200. Alle dinge kann man an den nagel hängen, nur eins
137 2101 1288 2143 (od.: zwei) nicht, — Das ei (od.: Das ei und das wasser).
240 2160 1421 2200 201. Ein dichter, dichter wald voller bären. — Die haare
138 2222 409 2254 und die läuse.
242 2360 1422 2399 \1\ Deutet auf die künstlichen, mit papierblumen u. ä, geschmück-
140 2414 386 2452 ten „palmen“.
