1831 2997
691 303 881 333 — 303 —
460 396 901 437 {10. tši̮n śue̮: »og pe̮dti̮!»}
522 456 907 497 {»bie̮, bie̮, tši̮ne̮s sot!»}
522 518 825 558 {bi šue̮: »og sot!»}
522 577 935 617 {»vae̮, vae̮, bie̮s kuse̮d!»}
521 639 886 680 {va šue̮: »og kuse̮d!»}
461 698 912 739 {15. »e̮ške̮, e̮ške̮, vae̮s ju!»}
523 758 815 800 {e̮š šue̮: »og ju!»}
523 817 1018 858 {»t̕śere̮, t̕śere̮, e̮ške̮s nat̕śki̮!»}
522 878 923 919 {t̕śer šue̮: »og nat̕śki̮!»}
524 936 997 980 {»zudje̮, zudje̮, t̕śere̮s nal̕!»}
459 997 961 1036 {20. zud uśke̮d̕t̕śas t̕śer vi̮le̮,}
526 1057 925 1096 {t̕śer uśke̮d̕t̕śas e̮š vi̮le̮,}
524 1119 906 1157 {e̮š uśke̮d̕t̕śas va vi̮le̮,}
526 1178 907 1217 {va uśke̮d̕t̕śas bi vi̮le̮,}
527 1237 937 1277 {bi uśke̮d̕t̕śas tši̮n vi̮le̮,}
463 1297 971 1339 {25. tši̮n uśke̮d̕t̕śas kań vi̮le̮,}
527 1358 953 1396 {kań uśke̮d̕t̕śas ši̮r vi̮le̮,}
158 1497 1024 1538 10. Der rauch sagt: »ich ersticke [sie] nicht.»
221 1557 1140 1597 »Mein feuer, mein feuer, verbrenne den rauch!»
222 1616 1071 1658 Das feuer sagt: »ich verbrenne [ihn] nicht.»
220 1676 1107 1716 »Mein wasser, mein wasser, lösche das feuer!»
224 1737 1007 1778 Das wasser sagt: »ich lösche [es] nicht.»
160 1796 1193 1837 15. »Mein öchslein, mein öchslein, trinke das wasser!»
224 1857 980 1899 Der ochse sagt: »ich trinke [es] nicht.»
223 1917 1134 1957 »Mein beil, mein beil, schlage den ochsen tot!»
224 1977 995 2018 Das beil sagt: »ich schlage [ihn] nicht.»
223 2035 1335 2075 »Mein wetzstein, mein wetzstein, mach das beil stumpf!»
159 2096 977 2133 20. Der wetzstein stürzt sich auf das beil,
225 2157 926 2194 das beil stürzt sich auf den ochsen,
225 2216 945 2254 der ochse stürzt sich auf das wasser,
226 2276 943 2314 das wasser stürzt sich auf das feuer,
226 2336 933 2373 das feuer stürzt sich auf den rauch,
161 2396 927 2433 25. der rauch stürzt sich auf die katze,
227 2456 912 2493 die katze stürzt sich auf die maus,
