1812 2958
882 273 1008 302 – 280
451 365 1101 405 {5. kod vi̮le̮ nad̕eae̮n miane̮s kol̕in?}
503 426 1385 467 {ńḙl̕a·mi̮n are̮sa bat̕i̮d vi̮le̮ e̮me̮i̭ nad̕eae̮n kol̕in?}
500 485 1335 527 {al̕i te ki̮ź-vit are̮sa pii̮d vi̮le̮ nad̕eae̮n kol̕in?}
503 547 1148 588 {tenad ve̮d pii̮d kol̕i das-ki̮k are̮sa!}
501 607 1127 649 {mi̮i̭ ne̮ mi si̮li̮ś kutam vid̕t̕śiśni̮?}
440 667 1033 709 {10. al̕i si̮li̮ś naže̮tka vid̕t̕śiśam?}
501 728 996 766 {al̕i si̮li̮ś robota vid̕t̕śiśam?}
499 789 1217 830 {mi̮i̭ ne̮ sije̮ kutas kerni̮, zev i₍t̕śe̮t da!}
502 849 1460 893 {sije̮ ne̮ meni̮m ge̮rni̮ petas, al̕i naže̮tka vi̮le̮ petas?}
498 910 1218 953 {mi̮i̭ ne̮ sije̮ kutas ke̮kja·mi̮snas kerni̮?}
440 971 1200 1013 {15. ke̮kja·mi̮si̮sli̮ kole̮ ke̮mavni̮, paśtavni̮,}
502 1032 1071 1073 {sije̮ ne̮ ki̮₍d̕źi kutas naže̮vitni̮!}
502 1093 1319 1133 {bur muži̮ke̮i̭, mi̮i̭la ne̮ te ube̮l̕itin kol̕ni̮ se̮?}
502 1152 1554 1195 {voi̭de̮r na tai̭ en ube̮l̕itli̮ pite̮ kuje̮d ki̮skavni̮ petke̮dli̮ni̮,}
500 1213 1091 1255 {e̮ni tai̭ stav robotase̮ si̮li̮ kol̕in!}
349 1343 1252 1384 5. Mit welchen hoffnungen verliessest du uns?
401 1404 1625 1445 Mit der hoffnung auf den vierzigjährigen vater wohl verliessest
1156 1465 1314 1497 du uns?
401 1523 1625 1565 Oder verliessest du uns mit der hoffnung auf den fünfundzwanzig-
1154 1584 1437 1624 jährigen sohn?
400 1643 1371 1683 Dein sohn aber blieb ja als zwölfjähriger zurück!
400 1703 1217 1736 Was können wir aber von ihm erwarten?
336 1763 1454 1804 10. Oder sollen wir von ihm verdienst an geld erwarten?
399 1823 1431 1864 Oder sollen wir von ihm arbeitsleistungen erwarten?
399 1885 1347 1923 Was kann er denn schaffen, so klein wie er ist!
400 1944 1625 1985 Er sollte für mich zum pflügen oder zum geldverdienen aus-
1159 2005 1301 2038 ziehen?
399 2065 1182 2105 Was kann er mit uns achten anfangen?
337 2124 1325 2164 15. Pür acht sind schuhe, sind kleider zu schaffen,
400 2184 1243 2226 wie aber könnte er [dafür] geld verdienen!
400 2244 1622 2283 Mein lieber mann, warum brachtest du es übers herz uns zu
1157 2304 1350 2336 verlassen?
400 2363 1622 2403 Eben noch brachtest du es ja nicht übers herz deinen sohn
715 2423 1622 2464 zum mistfahren [auf den acker] mitzunehmen,
397 2484 1131 2524 jetzt aber liessest du ihm alle arbeit!
