1806 2942
917 280 1025 309 – 14
357 369 1647 413 {mi₍t̕śa paś-ke̮m ve̮₍t̕śasni̮, — bi̮tse̮n jugjale̮. že̮ńik paśtalas da vidlale̮}
359 431 1648 474 {aśse̮: zev mi₍t̕śa kažit̕t̕śe̮. e̮t̕i pel̕-ponse̮ vi₍d̕źe̮dlas da me̮dse̮. sar-ni̮v}
359 490 1648 534 {šue̮ rut̕śli̮: »taje̮-ke̮ je̮ja! mi̮i̭ ne̮ taje̮ bergale̮?» rut̕ś šue̮: »tali̮ ve̮d}
362 551 1647 594 {paś-ke̮mi̮s oz kažit̕t̕śi̮ le̮śi̮d. abu as śe̮rt̕ii̮s!» sar ve̮₍t̕śe̮das mi₍t̕śa₍dži̮k}
360 611 1648 654 {paś-ke̮m. rut̕ś že̮ńike̮s paśte̮das da pel̕-pon vi̮las zev i̮₍dži̮d jem sutš-}
361 671 1648 714 {kas, med oz kut bergavni̮. že̮ńik berge̮t̕t̕śas da i sutški̮śas. »so ve̮d»}
360 732 1647 775 {rut̕ś šue̮, »paś-ke̮mi̮s mi₍t̕śa loi, da i oz bergav!» seśśa di̮š poma}
360 792 1646 835 {veńi₍t̕śa̭i̭t̕t̕śas sar-ni̮vke̮d. rut̕ś šue̮: »seśśa ti mijane̮ lokte̮i̭ ge̮śt̕itni̮!}
360 852 1649 893 {me vod̕dži̮k muna.» rut̕ś munas da munas, da vež vid̕ź voas. seni}
361 912 1648 956 {ve̮v vi₍d̕źe̮ni̮. rut̕ś juale̮: »kodli̮ ve̮vte̮ vi₍d̕źanni̮d?» »jomali̮.» »tati}
362 972 1650 1015 {kutas munni̮ svad̕ba, da ti nali̮ viśtale̮i̭: pomali̮·!» sid̕ź že̮ sije̮}
364 1034 1646 1076 tše̮ktas viśtavni̮ me̮s-vi₍d̕źi̮śjasli̮ da i̮ž-vi₍d̕źi̮śjasli̮. seśśa rut̕ś munas da}
358 1094 1646 1136 {jomale̮n kerka voas krustal̕. sije̮ set̕t̕śe̮ pi̮ras da jomali̮ i šue̮:}
362 1223 1649 1264 machen!» Die leute des zaren machen [ihm] einen sehr schönen
362 1284 1649 1325 anzug, — über und über funkelt er. Der bräutigam zieht ihn an
362 1344 1652 1385 und beschaut sich: nach seiner meinung ist er sehr schön. Er
361 1403 1648 1444 betrachtet bald die eine, bald die andre schulter. Die zarentoch-
362 1464 1651 1505 ter sagt zum fuchs: »lst er närrisch! Was dreht er sich denn da
361 1524 1649 1566 herum?» Der fuchs sagt: »Es kommt ihm ja der anzug nicht gut
366 1584 1650 1626 [genug] vor. Er ist ihm [seinem reichtum und seiner wohlhaben-
362 1645 1650 1686 heit] nicht entsprechend!» Der zar lässt einen schöneren anzug
361 1704 1650 1744 machen. Der fuchs zieht ihn dem bräutigam an und steckt ihm
362 1765 1651 1806 an die schulter eine sehr grosse stopfnadel, damit er nicht an-
362 1824 1649 1866 finge [den kopf] umzudrehen. Der bräutigam dreht sich um und
362 1884 1652 1925 sticht sich [an der nadel]. »Seht», sagt der fuchs, »der anzug ist
363 1944 1650 1985 gut geworden, und er dreht sich auch nicht [mehr] um!» Dann
362 2004 1650 2045 wird der faule homas mit der zarentochter getraut. Der fuchs
364 2064 1651 2106 sagt: »Kommt dann zu uns [d. h. zu homas] auf besuch! Ich
363 2125 1651 2166 gehe voraus.» Der fuchs wandert und wandert und gelangt zu
364 2184 1649 2225 einer grünen wiese. Dort hüten sie pferde. Der fuchs fragt:
363 2243 1650 2284 »Wessen pferde hütet ihr?» Der joma ihre.» »Hier zieht bald ein
363 2304 1650 2344 hochzeitszug vorbei, und sagt ihnen: 'homas' [pferde]'!» Das-
364 2364 1651 2404 selbe heisst er die kuhhirten und die schafhirten sagen. Dann
363 2413 1649 2464 geht der fuchs [weiter] und gelangt zum kristallhaus der joma.}
365 2483 1652 2524 Er tritt dahinein und sagt zur joma: »joma, joma, hier wollen sie
