1803 2953
915 265 1087 294 — 52 —
460 357 1649 399 {śḙśa bara rut̕ś munni̮ kutas i si̮li̮ pani̮d love̮ oš. oš uśke̮d̕t̕śas}
358 417 1649 456 {rut̕ś vi̮le̮. rut̕ś bara kutas šuni̮: »en mene̮ kole̮-ke̮ ve̮rźe̮d! meam em}
359 478 1648 519 {muži̮k. sije̮s i̮ste̮mae̮ś tat̕t̕śe̮ stav zèer vi̮las i̮₍dži̮d vi̮le̮.» oš šue̮:}
360 537 1651 581 {»oz-e̮ poź mem sije̮s ad̕d̕źe̮dli̮ni̮?» rut̕ś šue̮: »poźe̮, e̮š tuša-ke̮ vajan.»}
363 598 680 639 {oš ke̮sji̮śas vai̭ni̮.}
463 659 1649 701 {śḙśa ke̮jin da oš vajasni̮ ke̮sji̮śe̮m tušajasse̮, e̮tlae̮ puktasni̮ i}
361 719 1648 762 {ke̮₍t̕śe̮s i̮stasni̮ korni̮ kańe̮s da ru₍t̕śe̮s a aśni̮s kań lokti̮g kežlas d̕źeb-}
359 780 1651 821 {śasni̮: oš kajas pu vi̮le̮, ke̮jin pi̮ras ke̮śt̕er ule̮. kań lokte̮ be̮žse̮}
360 840 1648 881 {suvte̮de̮ma. loktas da i kajas e̮š-tuša vi̮le̮ da i kutas šuni̮: »malo,}
361 900 1649 943 {malo!» oš i dumai̭te̮ »vek-na» pe̮ »e₍tša si̮li̮!» ke̮jinli̮ zev kovni̮ kutas}
361 961 1650 1003 {kańe̮s vi₍d̕źe̮dli̮ni̮. ke̮jin ve̮rźe̮d̕t̕śas ke̮śt̕er ulas, a kań t̕śa̭i̭tas ši̮re̮n i}
360 1022 1650 1064 {uśke̮d̕t̕śas ke̮śter vi̮le̮. ke̮jin povźas da ke̮śt̕er uvśi̮s pi̮šjas. kań a₍t̕śi̮s}
464 1160 1649 1202 Alsdann begibt sich der fuchs wiederum auf den weg, und
363 1221 1647 1262 ihm entgegen kommt ein bär. Der bär stürzt auf den fuchs los.
364 1281 1650 1323 Der fuchs sagt wieder: »Bühre mich nicht an, oder! Ich habe
363 1342 1651 1383 einen mann. Er ist als hauptmann über alle tiere hierhergeschickt
362 1402 1648 1443 worden.» Der bär sagt: »Könnte ich ihn nicht zu sehen bekom-
362 1462 1650 1504 men?» Der fuchs sagt: »Gewiss, das geht an, wenn du [nur] den
364 1522 1647 1563 rumpf eines ochsen mitbringst.» Der bär verspricht [ihn] zu bringen.
466 1583 1649 1623 Darauf bringen wolf und bär die [von ihnen] versprochenen
365 1643 1649 1683 rümpfe, legen sie an einer und derselben stelle nieder und schicken
364 1702 1649 1742 den hasen aus, um die katze und den fuchs herbeizurufen, sie
363 1762 1651 1795 selbst aber verstecken sich bis zur ankunft der katze: der bär
364 1822 1648 1861 klettert in einen baum, der wolf kriecht unter einen reiserhaufen.
366 1881 1650 1914 Die katze kommt mit erhobenem schwanz herbei. Sie kommt
364 1940 1650 1982 herbei und steigt auf den rumpf des ochsen und beginnt [miau-
363 2001 1650 2043 end] zu sagen: »Malo, malo (wenig, wenig)!»1\ Da überlegt der
365 2061 1651 2103 bär bei sich: »lst es denn für sie immer noch zu wenig!» Den
364 2122 1650 2162 wolf gelüstet es sehr die katze zu sehen. Der wolf bewegt sich
362 2181 1651 2223 leise unter dem reiserhaufen, die katze aber hält [ihn] für eine
363 2242 1650 2276 maus und wirft sich über den reiserhaufen. Der wolf erschrickt
365 2301 1651 2335 und entweicht unter dem reiserhaufen hervor. Die katze erschrickt
364 2361 1652 2403 selber und klettert unter geprassel schnell in einen baum. Aber
503 2485 900 2521 — russ. Maf! 'wenig'.
