1815 2966
722 262 913 291 — 183 —
278 353 1159 395 {90. vae̮ pi̮ran — ve̮jan, bie̮ pi̮ran — sot̕t̕śan,}
280 414 766 455 {91. važ sola vi̮le̮ oz juśi̮.}
280 474 841 508 {92. va-volan-ine̮ va volas na.}
280 535 976 568 {93. verdte̮m ve̮v vi̮li̮n on i̮le̮d̕ź mun.}
279 596 1274 636 {94. vod̕ź ge̮traśe̮mi̮ś da vod̕ź t̕śḙt̕t̕śe̮mi̮ś oz kai̭t̕t̕śini̮.}
279 655 1163 697 {95. voše̮m mortle̮n das grek, a guśali̮śle̮n e̮t̕ik.}
706 814 932 851 C. Sysola.
732 880 912 922 (Vizinga.)
282 960 742 1000 96. as u₍dži̮ś on de̮zmi̮.}
283 1019 1022 1060 {97. en śeral, pińśi̮d je₍dži̮ddži̮k on lo!}
283 1080 950 1119 {98. gi̮rd̕źate̮ kurt̕t̕śan, da on sud̕ź.}
283 1139 885 1180 {99. i̮₍dži̮d juri̮s da i₍t̕śe̮t vemi̮s.}
285 1199 1182 1239 {100. jen ke̮ oz vi̮dai̭t, l̕ok mort oz vermi̮ śoi̭ni̮.}
281 1327 1461 1369 90. Steigst du ins wasser — ertrinkst du, steigst du ins
181 1388 635 1421 feuer — verbrennst du.
282 1447 1462 1489 91. Vor langer zeit genossene salzspeise erregt nicht mehr
177 1510 283 1541 durst.
282 1567 1462 1608 92. An seine stätte kehrt das wasser schon zurück [obgleich
177 1629 731 1670 es gegenwärtig nicht da ist].
283 1688 1345 1729 93. Auf ungefüttertem pferde kommst du nicht weit.
282 1747 1464 1788 94. Man bereut nicht, dass man sich früh verheiratet und
178 1809 440 1842 früh aufsteht.
287 1867 1463 1909 95. Der, dem etwas [durch diebstahl] verloren gegangen ist,
181 1926 1465 1969 tut zehn sünden [weil er zehn unschuldige des diebstahls bezich-
179 1988 744 2030 tigt], der dieb aber nur eine.
285 2046 1273 2088 96. Der eignen arbeit wirst du nicht überdrüssig.
283 2106 1463 2146 97. Lache nicht, weisser als deine zähne wirst du [doch] nicht!
285 2165 1464 2207 98. Du beissest nach deinem ellbogen, aber du erreichst
180 2228 366 2260 ihn nicht,
285 2286 1466 2328 99. Sein kopf ist gross, aber sein verstand (eig: gehirn)
181 2348 357 2381 ist klein.
288 2406 1467 2448 100. Wenn Gott [mich] nicht aufgibt, können die schlech-
183 2467 1201 2509 ten menschen [mich] nicht verderben (eig.: fressen).
