1811 2962
980 271 1066 299 10 —
355 361 1642 403 {tsaŕ jualɛ: »a ku₍tšem tḙnad semjai̮d?» »ki̮k pi da ki̮k nī̮.» »no abu}
358 422 1642 464 {i̮₍dži̮d tḙad semjai̮d! ki̮₍t̕śɛ tḙ karan d̕ḙńgatɛ?» muži·k i viśtalɛ: »mḙ}
354 483 1640 524 {d̕ḙńgaes kujim pḙl̕ɛ juka: med vòd̕ź udžjez mi̮nta, mè̮dlaɛ u₍džen śḙta}
353 544 1640 583 {a koi̭medlaɛ vaɛ ši̮blala.» tsar i dumai̭tɛ: òz tè̮d, mi̮l̕a stari·k vaɛ}
352 605 1639 647 {ši̮blalɛ d̕ḙńgasɛ i mi̮l̕a u₍džen śḙtɛ. a stari·k i viśtalɛ: »udžjez mi̮nta}
352 666 1639 708 {ajes vḙrda i mames, a u₍džen śḙta pijanes vḙrda, vaɛ le̮da nī̮jases}
351 727 1640 768 {vḙrda.» tsaŕ i viśtalɛ: »sai̭da tḙad juri̮d! e̮ni mḙnɛ petked esti̮ś tui̭}
350 788 1638 829 {vi̮lɛ, mḙ og tè̮d tui̭sɛ.» muži·k i viśtalɛ: »a₍t̕śid vḙrman munni̮. mun}
350 849 1638 888 {vḙśki̮dɛ, seśśa šul̕gaɛ, seśśa bara vḙśki̮dɛ.» tsar i viśtalɛ: »mḙ·eštšem}
350 909 1635 950 {naukaɛ ig ve̮let̕t̕śi̮l i og vḙlō, a tḙ mḙnɛ nued!» muži·k i viśtalɛ:}
352 970 1636 1011 {»mḙn ńi-kòr tḙnɛ nuedni̮. mijan krest̕anali̮ e̮t̕ik luni̮s do̭na.» »no}
350 1030 1637 1072 {do̭nā sulalɛ, inɛ mḙ mi̮nta!» »a mi̮ntin kol̕i munam!» pukśisni̮s}
349 1091 1636 1134 {dod̕ɛ i munini̮s; ku₍t̕śis tsaŕ tui̭ vi̮las juaśni̮: »a tḙ kòrkɛ tsaŕes}
349 1152 1635 1193 {ad̕d̕źi̮lin-em al̕i in? i̮li̮n-em tḙ ve̮lin?» »tsaŕes ig ńi-ki̮ti̮š-na ad̕d̕źi̮l;}
351 1283 1634 1324 habe ich eben nötig!» Der zar fragt: »Wie gross ist denn deine
349 1344 1634 1384 familie?» »Zwei söhne und zwei töchter.» »Sie ist ja nicht gross
348 1404 1631 1445 deine familie! Wozu verwendest du dein geld?» Der bauer sagt:
348 1463 1631 1503 »lch teile das geld in drei teile: erstens bezahle ich eine schuld,
347 1523 1633 1564 zweitens leihe ich [es] aus, drittens werfe ich [es] ins wasser.» Der
347 1583 1631 1624 zar denkt nach: er sieht nicht ein, warum der alte sein geld ins
346 1643 1630 1685 wasser wirft und warum er [es] ausleiht. Der alte sagt aber: »Eine
345 1704 1631 1745 schuld bezahle ich, indem ich [meinen] vater und [meine] mutter
346 1764 1628 1804 ernähre, ich leihe [es] aber aus, indem ich [meine] söhne ernähre,
346 1824 1630 1865 ins wasser werfe ich [es], wenn ich [meine] töchter ernähre.» Der
344 1884 1628 1925 zar sagt: »Gescheit ist dein kopf! Jetzt führe mich auf den weg,
344 1944 1628 1984 ich kenne den weg nicht.» Der bauer sagt: »Selbst kannst du
343 2005 1629 2045 gehen. Gehe rechts, dann linkshin, dann wieder rechts.» Der
343 2065 1626 2105 zar sagt: »Solch eine wissenschaft habe ich nicht erlernt und ich
342 2124 1626 2166 verstehe es nicht, aber führe du mich!» Der bauer sagt: »lch
341 2184 1626 2226 habe keine zeit dich zu führen. Für uns bauern ist [sogar] ein
340 2245 1626 2284 tag teuer.» »Es sei nun, dass es teuer zu stehen kommt, ich be-
340 2305 1625 2346 zahle!» »Ach! wenn du bezahlst, so gehen wir!» Sie setzten sich
340 2364 1626 2407 in den schlitten und begaben sich auf den weg; der zar fing
338 2426 1623 2467 unterwegs an sich zu erkundigen: »Hast du denn jemals den zaren
338 2485 1625 2526 gesehen oder nicht? Bist du weit [von deinem heim] gewesen?»
