1802 2952
902 271 1095 299 — 202 —
674 364 1199 406 {sija pondis zev jona be̮rdni̮.}
675 425 1232 467 {starik sije e̮grada saje̮ le₍d̕źis,}
675 485 1156 527 {a₍t̕śi̮s pištšal̕ kijas bośtis,}
673 546 1238 589 {jurse̮ kos vi̮jḙni̮s e̮šińas śujis.}
610 608 1241 649 {30. mi₍t̕śa ni̮v be̮r vi̮las vi₍d̕źe̮dlis,}
674 669 1181 710 {starike̮s ad̕d̕źis i be̮r pi̮ris,}
675 729 1024 770 {a nose̮ve̮i̭ t̕śi̮šjanse̮}
675 790 1228 830 {pi̮d̕źravte̮d̕ź ke̮te̮dis śin-vanas.}
675 850 1196 891 {starik sijḙ tomnalis t̕erkaas,}
611 911 1019 951 {35. a₍t̕śi̮s bazare̮ muni}
678 971 1098 1013 {pož ńe̮bni̮ kre̮vai̭t vi̮le̮.}
679 1032 1175 1073 {starik pož vajis i vol̕salis,}
675 1092 1048 1133 {a₍t̕śi̮s pi̮tškas vodis;}
676 1152 1236 1194 {tom it̕ś-moń pož ge̮ge̮ri̮s vodis}
612 1213 1328 1255 {40. i nose̮ve̮i̭ t̕śi̮šjanse̮ jur ulas puktis.}
675 1274 1190 1314 {a d̕everi̮s kre̮vai̭t vi̮le̮ vodis,}
675 1335 1046 1376 {puke̮ve̮i̭ perina vi̮le̮,}
420 1469 1076 1511 sie fing an sehr heftig zu weinen.
419 1530 1517 1572 Der alte liess sie [am ende] aus der umzäunung heraus,
418 1590 1294 1631 selbst nahm er [aber] die flinte in die hand,
418 1651 1642 1691 den kopf [und den körper] streckte er bis an die lenden aus
1179 1712 1559 1744 dem fenster heraus.
358 1762 1070 1801 30. Das schöne mädchen sah zurück,
421 1821 1246 1861 sie erblickte den alten und kehrte zurück,
419 1881 817 1914 aber ihr taschentuch
420 1941 1056 1974 durchnässte sie mit ihren tränen
421 2001 1138 2041 Der alte schloss sie in die stube ein,
354 2061 911 2101 35. selbst ging er zu markte,
421 2121 1156 2162 um ein sieb als bettgestell zu kaufen.
421 2181 1530 2220 Der alte brachte ein sieb und richtete es zum bette ein,
419 2241 1152 2282 selbst legte er sich dahinein schlafen;
419 2302 1379 2342 die junge frau legte sich neben das sieb schlafen
355 2362 1320 2403 40. und steckte ihr taschentuch unter ihren kopf.
422 2422 1321 2463 Ihr schwager aber legte sich ins bett schlafen
422 2481 764 2520 auf daunenpfühle,
