1793 2933
700 263 892 292 — 219 —
476 353 732 394 {si̮ dine̮ kujim}
413 413 719 446 {15. t̕śiki̮š voli̮vle̮.}
475 474 1077 513 {med vod̕d̕źa t̕śiki̮ši̮s: mam si̮le̮n,}
476 534 964 573 {še̮r-kos t̕śiki̮ši̮s: t̕śoi̭ si̮le̮n,}
479 594 1127 635 {med be̮rja t̕śiki̮ši̮s: aslas it̕ś-mońi̮s.}
476 654 979 693 {mami̮s ke̮ be̮rd̕źas, śin-vai̮s}
413 713 879 754 {20. tuvsov ju moz vizi̮vte̮,}
478 773 957 813 {t̕śoji̮s ke̮ be̮rd̕źas, śin-vai̮s}
479 834 896 873 {tuvsov šor moz vizi̮vte̮,}
479 893 1037 933 {it̕ś-mońi̮s ke̮ be̮rd̕źas, śin-vai̮s}
479 953 819 986 {— li̮s-va moz uśe̮.}
416 1013 786 1053 {25. šondii̮s ke̮ petas,}
482 1073 756 1113 {li̮s-vase̮ kośtas!}
481 1133 946 1174 {sije̮n» pe̮ »ve̮d sije̮ be̮rde̮:}
479 1192 936 1233 {si̮li̮ kole̮ vi̮l̕ saje̮ munni̮,}
480 1252 959 1291 {si̮li̮ kole̮ važ mozi̮s ovni̮!»}
224 1396 450 1429 zu ihm drei
160 1456 607 1497 15. schwalben gelangen.
225 1516 872 1555 Die erste schwalbe: seine mutter,
225 1576 971 1615 die mittlere schwalbe: seine schwester,
229 1636 829 1669 die letzte schwalbe: seine frau.
225 1696 1187 1734 Als seine mutter in tränen ausbricht, ihre tränen
164 1756 872 1795 20. wie ein lenzlicher strom strömen,
226 1815 1230 1854 als seine schwester in tränen ausbricht, ihre tränen
226 1875 836 1914 wie ein lenzlicher bach fliessen,
227 1936 1127 1974 als seine frau in tränen ausbricht, ihre tränen
228 1996 705 2028 — fallen nieder wie tau.
163 2055 661 2096 25. Als die sonne aufgeht,
230 2115 641 2148 den tau sie trocknet!
232 2175 824 2218 Deswegen weint sie [die frau]:
229 2235 1101 2275 ihr sehnen steht nach einem [neuen manne],
231 2292 1426 2337 ihr sehnen steht darnach [verheiratet] zu leben wie zuvor!»1
270 2405 1449 2445 \1\ Es betrübt sie die ungewissheit, ob sie sich wieder verheiraten
166 2459 1014 2494 wird oder nicht, — nicht der tod des mannes.
