1811 2960
932 249 1102 278 — 108 —
363 342 1654 385 {kerkai̮n ole̮ joma (eńka). jomale̮n em kuim ni̮v i si̮ ordi̮n ole̮}
364 404 733 445 {pipili̮sti̮ se̮ke̮l.}
468 464 1654 506 {ni̮v pukśis lug vi̮le̮, kutis rektavni̮ še̮vk-tupi̮l̕jas. joma ad̕d̕źis}
364 525 1651 567 {i šuve̮: »on-e̮ vuzav rektante̮?» »vuzala, tol̕ke̮ led̕ź e̮t̕i voi̭ uźni̮ pipi-}
364 585 1652 628 {li̮sti̮ke̮d.» »le₍d̕źa.» joma uźte̮dśas, pipili̮sti̮e̮s juktalas i le-}
363 647 1026 680 {d̕źas ni̮le̮s uźni̮. ni̮v kutas be̮rdni̮:}
673 742 1269 783 {»pipili̮sti̮ se̮ke̮le̮i̭, se̮ke̮le̮i̭!}
669 803 1334 845 {joma lugte̮ vu₍dži ńin, vu₍dži ńin,}
672 864 1315 904 {e̮gi̮ra lugte̮ vu₍dži ńin, vu₍dži ńin,}
672 925 1317 963 {zarńia rektante̮ śeti ńin, śeti ńin.»}
465 1028 1652 1070 {pipili̮sti̮ ez sad̕mi̮v. bara lun vois. ni̮v kutis še̮vk-tupi̮l̕e̮n}
363 1089 1652 1132 {tupl̕a̭śni̮. joma bara kutis korni̮ še̮vk-tupi̮l̕jas. ni̮v śetis. joma}
362 1229 1650 1262 wiese. Hinter der schönen wiese steht eine hütte. In der hütte
362 1289 1652 1332 wohnt die (alte frau) joma. joma hat drei töchter und bei ihr
361 1351 1002 1392 hält sich der falke Pipilysty auf.
466 1411 1649 1451 Das mädchen setzte sich auf die wiese, fing an die seiden-
362 1470 1650 1512 knäuel zu haspeln. Die joma erblickte [sie] und sagt: »Verkaufst
362 1531 1649 1572 du nicht deine garnwinde?» »Ja, aber lass mich eine nacht mit
362 1591 1649 1631 dem Pipilvsty schlafen.» »Ja wohl.» Die joma erlaubt ihr [mit
362 1650 1647 1691 ihm] zu schlafen, sie macht [aber zuerst] den Pipilystv betrunken,
361 1710 1650 1751 und [erst dann] lässt sie das mädchen [mit ihm] schlafen. Das
360 1770 945 1811 mädchen fängt an zu weinen:
362 1865 1269 1905 »Mein lieber falke Pipilysty, mein lieber falke!
361 1925 1647 1965 die wiese joma's habe ich schon überschritten, schon überschritten,
361 1984 1611 2025 die wiese voll brennender kohlen habe ich schon überschritten,
1081 2046 1467 2084 schon überschritten,
361 2105 1648 2146 die goldene garnwinde habe ich schon weggegeben, schon wegge-
1079 2166 1213 2206 geben.»
466 2259 1645 2301 Der Pipilvsty erwachte nicht. Wieder wurde es tag. Das
360 2319 1648 2361 mädchen fing an mit den seidenknäueln zu wickeln. Wieder fing
360 2379 1644 2421 die joma an die seidenknäuel zu verlangen. Das mädchen gab
360 2440 1645 2481 [sie]. Die joma versprach [ihr, sie] hereinzulassen um mit dem
