1793 2957
597 972 1045 1018 lnhaltsverzeichnis.
282 1173 1462 1214 Voboodt  …  133
180 1233 1458 1281 I. Märchen, sagen und erzählungen 1…
283 1294 1459 1334 A. Untere Ižma 1…
389 1354 1459 1399 1. Der wassergeist 1
387 1414 1462 1452 2. Dumm Hänschen 2
386 1473 1463 1512 3. Der rangzen 6
385 1533 1462 1572 4. Zar Peter und der bauer 9
283 1593 1461 1639 B. Vyčegda 11
386 1653 1461 1699 5. Der sohn des wassergeistes und der junge bursche 11
387 1713 1463 1757 6. Der zarewitsch und der wassergeist 13
387 1773 1464 1821 7. Die [alte] joma und der knabe 17
385 1834 1460 1881 8. Die alte joma und die beiden mädchen 21
385 1893 1464 1940 9. Das spindellange mädchen 24
368 1952 1464 1993 10. Der teufel und der mensch 29
369 2012 1462 2053 11. Die elster und die maus 31
370 2073 1466 2113 12. Die maus schifft den fluss hinab, den fluss hinauf. 34
369 2132 1463 2176 13. Die katze, die elster und die maus 38
368 2192 1465 2234 14. Der fuchs und der hase 40
370 2253 1464 2297 15. Der wallach und der »bel̕a-ruma 44
370 2312 1464 2353 16. Der fuchs und der wallach 48
371 2373 1463 2418 17. Die katze, der fuchs, der wolf und der bär 51
369 2432 1461 2473 18. Der hahn und der mühlstein 53
