1811 2957
895 274 1070 304 — 230 —
967 405 1016 435 23.
722 478 1182 520 {me̮skuai̮ś ni̮v ńimale̮,}
723 539 1113 579 {annuškae̮n šue̮ni̮,}
723 599 1094 640 {das-kvai̭t are̮se̮ vois,}
722 660 1067 702 {gul̕anka vi̮le̮ petis.}
676 720 1227 762 5. mami̮s-bat̕i̮s ge̮st̕itni̮ muni,}
723 781 1110 821 {drugse̮ koris ge̮st̕itni̮,}
724 842 1119 883 {t̕śa̭i̭ sakare̮n juktalis.}
723 902 1153 943 {pirḙńik ke̮la₍t̕śe̮n verdis,}
725 963 1086 1004 {drugse̮ saldate̮ i̮stis.}
663 1024 1176 1063 {10. mami̮s-bat̕i̮s dine̮ muni:}
724 1085 1145 1124 {»matuškae̮i̭, matuškae̮i̭,}
724 1144 1124 1187 {led̕źli̮ mene̮ gul̕a̭itni̮!»}
725 1204 1093 1244 {»vetli̮, vetli̮, d̕it̕atka,}
724 1264 1149 1298 {me te kadnas vetle̮dli!»}
662 1324 1131 1364 {15. se̮ke̮l-t̕i₍tsa moz lebźis,}
971 1459 1021 1489 23.
419 1532 1149 1573 Aus Moskau wird eine maid genannt,
422 1592 905 1632 Anuschka heissen sie sie,
424 1652 1067 1692 [als] sechzehn jahre alt sie ward.
418 1712 1288 1753 ging sie [schon] aus auf nachtschwärmerei'n.
370 1772 1097 1814 5. [Als] die eltern auf besuch gingen,
420 1832 1213 1873 bat ihren liebsten sie [zu sich] zu gaste,
418 1893 1176 1931 mit thee und zucker bewirtete sie ihn,
419 1952 1264 1993 mit pfefferkuchen, semmeln speiste sie ihn,
422 2012 1419 2054 [so] schickte sie ihren liebsten unter die soldaten.\1\
357 2072 1513 2113 10. Sie ging [dann] zu ihren eltern [dahin, wo diese waren]
420 2133 1132 2171 »Mein mütterchen, mein mütterchen,
419 2193 967 2233 lasst mich spazieren gehen!»
420 2253 930 2293 »Geh, geh doch, kindchen,
419 2312 1316 2353 ich lief [auch schon] in deinem alter herum!»
357 2372 1223 2413 15. Wie ein falke flog [das mädchen] davon,
493 2486 1197 2525 D. h. gab ihm einen abschiedsschmaus.
