1793 2952
671 240 864 269 — 169 —
228 330 856 374 {220. bi̮d terkai̮n oš-tuša. — gi̮r.}
228 391 1077 430 {230. bi̮d terkai̮n tie̮n ve̮t̕śli̮te̮m tor. — št̕śḙl̕.}
227 451 960 494 {231. e̮t̕ik borti śo porś kaje̮. — vuri̮s.}
227 511 1026 552 {232. e̮t̕ik laguni̮n ki̮k-śikas sur. — kol̕k.}
227 571 1286 616 {233. e̮t̕ik pe̮duška vi̮li̮n ki̮ž-vit zon kui̭le̮ni̮. — pe̮te̮le̮k.}
227 633 975 672 {234. e̮t̕ik ši̮r, da ki̮k-be̮ža. — ke̮m-kot.}
229 693 1128 735 {235. gid ti̮r i̮ž, da e̮t̕ik be̮ž. — ńa̭ńi̮d pa₍t̕śad.}
227 753 973 795 {236. gumla vi̮li̮n t̕śa̭ń kok-tui̭. — ge̮g.}
228 812 1406 856 {237. jage̮ kaje̮ — gorte̮ vi₍d̕źe̮de̮, gorte̮ lokte̮ — jage̮ vi₍d̕źe̮de̮.}
121 877 264 905 — t̕śer.}
228 932 1029 974 {238. jenśa̭ń ji̮lte̮m, muśa̭ń vužte̮m. — ìz.}
228 994 1026 1035 {239. ki̮k pa₍t̕śi̮n e̮t̕ik pes lomti̮śe̮. — ni̮r.}
227 1054 1209 1096 {240. kok-pe̮le̮n sulale̮, śin-pe̮le̮n vi₍d̕źe̮de̮. — struba.}
228 1184 1242 1224 229. In jedem hause ein bärenleib. — Der mörser.
228 1244 1408 1287 230. In jedem hause ein nicht mit der hand gemachter ge-
124 1304 827 1343 genstand. — Die ritze in der wand.
228 1358 1407 1406 231. Uber eine grenze klettern hundert schweine. — Die
124 1424 218 1456 naht.
226 1485 1200 1519 232. In einem fässchen zweierlei bier. — Das ei.
227 1545 1405 1588 233. Auf einem kopfkissen ruhen fünfundzwanzig burschen.
123 1604 618 1638 — Die decke im zimmer.
227 1665 1406 1704 234. Eine maus, aber mit zwei schwänzen. — Der schuh
128 1724 489 1765 [mit den bandern].
228 1785 1406 1827 235. Ein stall voller schafe, aber [nur] ein schwanz. — Die
124 1844 850 1885 brote im ofen [und die brotschaufel].
228 1906 1408 1945 236. Auf einer dreschtenne die fussspur eines füllens. — Der
125 1964 233 1996 nabel.
227 2027 1408 2067 237. In den wald geht es — heimwärts blickt es, heimvärts
123 2085 1075 2119 kommt es — in den wald blickt es. — Die azt.
227 2147 1405 2187 238. Von oben [eig.: vom himmel] ohne wipfel, von unten
127 2206 1065 2247 [eig.: von der erde] ohne wurzeln. — Der stein.
227 2266 1405 2300 239. In zwei herden brennen dieselben holzscheite, — Die nase.
227 2326 1408 2367 240. Auf einem bein steht es, mit einem auge blickt es. —
126 2387 432 2420 Der schornstein.
