1812 2963
917 254 1090 283 — 80 —
358 347 1646 389 {seśśa sije̮ ńi̮li̮štas. mune̮ da si̮li̮ pani̮d loe̮ kerka berdi̮n pukale̮1}
361 408 1649 450 {t̕e̮tka. sije̮ šuas: »l̕e̮tuška, me teni̮d mi̮i̭-ke̮ śi̮la!» »śi̮v, kužan-ke!»}
361 470 669 511 {sije̮ śi̮vni̮ kutas:}
723 548 1141 589 {»t̕śe̮rsa tupi̮l̕ae̮s ńi̮li̮šti,}
721 608 1129 647 {rektana babae̮s ńi̮li̮šti,}
723 669 1084 711 {t̕śera d̕a̭d̕e̮e̮s ńi̮li̮šti,}
725 729 1174 771 {pes-dod̕ja d̕a̭d̕e̮e̮s ńi̮li̮šti,}
724 790 1200 831 {kraž-dod̕ja d̕a̭d̕e̮e̮s ńi̮li̮šti,}
723 850 1217 891 {i₍d̕źas-dod̕ja d̕a̭d̕e̮e̮s ńi̮li̮šti,}
726 912 1221 952 {turun-dodja d̕a̭d̕e̮e̮s ńi̮li̮šti,}
725 972 1173 1014 {ker-dod̕ja d̕a̭d̕e̮e̮s ńi̮li̮šti,}
725 1032 1067 1066 {me i tene̮ ńi̮li̮šta.»}
362 1136 1123 1177 {seśśa t̕e̮tkate̮ ńi̮li̮štas, da ruškui̮s i pote̮!}
468 1258 1171 1299 \1\ auch: pukali̮ś (nicht aber: pukalas).
469 1413 1650 1454 Darauf verschlingt es [ihn]. Es zieht weiter und stösst auf
364 1473 1649 1514 ein weib, das neben der wand einer hütte sitzt. Es sagt: »Liebe
363 1533 1651 1576 tante, ich werde dir etwas singen!» »Singe, wenn du [es] kannst!»
366 1593 786 1633 Es beginnt zu singen:
416 1697 1433 1737 »Die spindel und den' knäuel hab' ich verschlungen,
417 1757 1269 1798 die alte samt haspel hab' ich verschlungen,
418 1817 1341 1857 den alten samt der azt hab' ich verschlungen,»
415 1876 1573 1916 einen mann samt seiner fuhre scheite hab' ich verschlungen,
417 1936 1571 1976 einen mann samt seiner fuhre klötze hab' ich verschlungen,
418 1996 1568 2036 einen mann samt seiner fuhre stroh hab' ich verschlungen,
416 2056 1550 2097 einen mann samt seiner fuhre heu hab' ich verschlungen,
416 2115 1615 2156 einen mann samt seiner fuhre balken hab' ich verschlungen,
421 2176 1161 2216 [und nun] verschlinge ich auch dich!»
469 2278 1653 2320 Darauf verschlingt es die frau, aber da platzt ihm auch der
364 2337 687 2378 leib [eig. bauch]!
1308 2381 1548 2422 (Ust̕sysol̕sk.)
