1803 2946
937 235 1095 285 — 66 —
373 335 1658 383 {i₍t̕śe̮t ni̮vli̮ś me̮de̮dni̮ pridanne̮i̭. med i₍t̕śe̮t ni̮vse̮ i puktasni̮ jaššikas.}
370 396 1666 444 {ni̮vjas šuasni̮ ke̮inli̮: »te nu, da en vi₍d̕źe̮dli̮, pi̮tškas kiśśan-tor em}
379 457 1655 505 {da!» ke̮in ńḙl̕a·mi̮n verst munas da i šuḙ: »t̕śas že̮ me vi₍d̕źe̮dla, mi̮i̭}
370 517 1660 564 {tan kiśśan-tor em!» jaššik pi̮de̮sas vidli̮ni̮ kutas, da ni̮v šue̮: »ad̕d̕źa,}
378 579 1663 624 {ad̕d̕źa!» ke̮in šue̮: »atte̮, ku₍tše̮m taje menam ni̮vjas śuśe̮ś! seśśa og}
378 640 1653 685 {ńin vidli̮. ad̕d̕źasni̮ že̮ ve̮d a!» sije̮ nuas da starik kit̕t̕śe̮ pone̮ puk-}
373 700 1656 746 {tas: »starike̮, starike̮, kole̮-ke̮ petav, med i₍t̕śe̮t ni̮li̮d pridanne̮i̭ me̮de̮-}
373 761 1652 808 {dis!» starik gozja petasni̮ da kutasni̮ pi̮rtni̮. e̮dva vermasni̮ pi̮rtni̮,}
436 820 686 867 {se₍tše̮m śe̮ki̮d.}
465 882 1659 928 {ke̮in lokte̮d̕ź med i̮₍dži̮d ni̮v, m'oz (med oz) te̮d mi̮i̭ med i₍t̕śe̮t}
371 940 1656 988 {ni̮v abu, puktas gi̮r, gi̮re̮s paśte̮das, kias śetas mal̕i₍t̕śa — bi̮t̕t̕e̮-ke̮}
366 1000 1659 1049 {vurśe̮. še̮r-kos ni̮v pondas šuni̮ ke̮inli̮: »seśśa mem ve̮t̕ś jaššik si̮i̮ś}
361 1129 1659 1177 die mitgift der jüngsten tochter [in verwahr] schicken könnten.
365 1188 1655 1236 Sie setzen in die kiste auch wirklich die jüngste tochter. Die
367 1251 1657 1297 mädchen sagen zu dem wolf: »Bringe [dies hin], aber gucke nicht
361 1313 1647 1357 [hinein], drinnen sind nämlich solche gegenstande, die [beim öff-
367 1371 1655 1417 nen] herausfallen können!» Der wolf wandert vierzig werst weit
365 1434 1651 1477 und sagt: »Jetzt schaue ich aber nach, was für zerfallende sachen
366 1492 1645 1537 hier drinnen sind!» Er will auf den boden der kiste sehen, das
361 1554 1651 1597 mädchen aber sagt: »lch sehe, ich sehe [was du tun willst]!»
363 1612 1646 1657 Der wolf sagt: »Sieh nur einer an, wie achtsam diese meine mäd-
367 1670 1646 1718 chen sind! Hiernach gucke ich nicht mehr [hinein]. Sie bemer-
361 1732 1641 1777 ken wahrhaftig [alles]!» Er bringt [die kiste ans ziel] und stellt
369 1796 1639 1837 [sie] unten an die eingangstreppe des mannes: »Mein alterchen,
360 1852 1639 1896 mein alterchen, wenn du lust hast, komm heraus, deine jüngste
362 1911 1644 1957 tochter hat [ihre] mitgift geschickt!» Der mann kommt mit seiner
356 1972 1642 2016 frau heraus und sie beginnen [die kiste] hineinzutragen. Kaum
357 2031 1388 2077 können sie [sie] tragen — so schwer [war die kiste].
459 2092 1648 2136 Damit [der wolf] nicht merke, dass das jüngste mädchen fort
353 2152 1641 2196 war, setzt das älteste mädchen vor der [zurück]kunft des wolfes
361 2212 1637 2256 [an die stelle des jüngsten mädchens auf das dach] einen stampf-
355 2273 1646 2317 klotz, kleidet den stampfklotz an, gibt ihm in die hande einen
353 2331 1640 2377 elentierpelz — gerade wie wenn er nähte. Das mittelste mädchen
346 2391 1638 2438 sagt [dann] zu dem wolfe: »Nun mache mir eine kiste, die grösser
349 2452 1644 2498 ist als jene [vorige]!» Das [mittelste] mädchen setzt die [älteste]
