<?xml version="1.0" encoding="UTF-8" standalone="yes"?>
<PcGts xmlns="http://schema.primaresearch.org/PAGE/gts/pagecontent/2013-07-15" xmlns:xsi="http://www.w3.org/2001/XMLSchema-instance" xsi:schemaLocation="http://schema.primaresearch.org/PAGE/gts/pagecontent/2013-07-15 http://schema.primaresearch.org/PAGE/gts/pagecontent/2013-07-15/pagecontent.xsd">
    <Metadata>
        <Creator>prov=University of Rostock/Institute of Mathematics/CITlab|PLANET AI GmbH/Gundram Leifert/gundram.leifert@planet-ai.de:name=SUST_38-06(htr_id=25563)::::v=2.6.6
prov=University of Rostock/Institute of Mathematics/CITlab|PLANET AI GmbH/Tobias Gruening/tobias.gruening@planet-ai.de:name=de.uros.citlab.module.baseline2polygon.B2PSeamMultiOriented:v=2.6.6
Transkribus</Creator>
        <Created>2020-07-28T11:49:26.952+02:00</Created>
        <LastChange>2020-08-17T09:59:26.914+02:00</LastChange>
        <Comments>
                Measurement unit: pixel
                PrimaryLanguage: German
                Language: GermanStandard
                Language: Finnish
                Producer: Transkribus
            </Comments>
        <TranskribusMetadata docId="441749" pageId="17943238" pageNr="28" tsid="37073927" status="GT" userId="17326" imgUrl="https://files.transkribus.eu/Get?id=PZRNBOWVNAGARFFGCOFEYKAI&amp;fileType=view" xmlUrl="https://files.transkribus.eu/Get?id=GTZPOWKIAXDRVAHNPWDWJBJA" imageId="13587262"/>
    </Metadata>
    <Page imageFilename="SUST_38-0028.jpg" imageWidth="1826" imageHeight="2958">
        <PrintSpace>
            <Coords points="354,259 1661,259 1661,2474 354,2474"/>
        </PrintSpace>
        <ReadingOrder>
            <OrderedGroup id="ro_1607953378070" caption="Regions reading order">
                <RegionRefIndexed index="0" regionRef="r_1_1"/>
                <RegionRefIndexed index="1" regionRef="r_2_1"/>
                <RegionRefIndexed index="2" regionRef="r_3_1"/>
            </OrderedGroup>
        </ReadingOrder>
        <TextRegion type="paragraph" id="r_1_1" custom="readingOrder {index:0;}">
            <Coords points="943,264 1067,264 1067,294 943,294"/>
            <TextLine id="tl_1" primaryLanguage="German" custom="readingOrder {index:0;}">
                <Coords points="944,265 1066,265 1066,293 944,293"/>
                <Baseline points="944,284 965,284 1004,293 1066,283"/>
                <TextEquiv>
                    <Unicode>— 18 —</Unicode>
                </TextEquiv>
            </TextLine>
            <TextEquiv>
                <Unicode>— 18 —</Unicode>
            </TextEquiv>
        </TextRegion>
        <TextRegion type="paragraph" id="r_2_1" custom="readingOrder {index:1;}">
            <Coords points="362,356 1656,356 1656,1126 362,1126"/>
            <TextLine id="tl_2" primaryLanguage="German" custom="readingOrder {index:0;}">
                <Coords points="364,357 1653,357 1653,398 364,398"/>
                <Baseline points="364,390 377,390 547,388 776,389 877,389 1059,387 1203,390 1305,390 1467,390 1653,396"/>
                <TextEquiv>
                    <Unicode>{»šańgae̮, šańgae̮, voke̮s en-e̮ ad̕d̕źi̮v?» šańga šuvas: »mene̮ kurt̕t̕śi̮št,}</Unicode>
                </TextEquiv>
            </TextLine>
            <TextLine id="tl_3" primaryLanguage="German" custom="readingOrder {index:1;}">
                <Coords points="364,417 1654,417 1654,457 364,457"/>
                <Baseline points="364,451 405,451 441,451 613,450 720,449 780,457 962,456 1109,450 1201,451 1317,450 1485,450 1654,451"/>
                <TextEquiv>
                    <Unicode>{da i viśtala!» »me og kurt̕t̕śi̮št, meni̮m kole̮ voke̮s korśni̮!» muna·s}</Unicode>
                </TextEquiv>
                <TextStyle fontFamily="Times New Roman" fontSize="9.0" italic="true"/>
            </TextLine>
            <TextLine id="tl_4" primaryLanguage="German" custom="readingOrder {index:2;}">
                <Coords points="365,478 1653,478 1653,521 365,521"/>
                <Baseline points="365,512 405,512 559,511 623,510 821,510 900,509 1029,510 1148,511 1258,510 1391,512 1653,517"/>
                <TextEquiv>
                    <Unicode>{da muna·s da ńa̭ń-tupe̮ś si̮li̮ pani̮d lovas. si̮je̮ šuvas: »ńa̭ń-tupe̮śe̮i̭,}</Unicode>
                </TextEquiv>
                <TextStyle fontFamily="Times New Roman" fontSize="9.0" italic="true"/>
            </TextLine>
            <TextLine id="tl_5" primaryLanguage="German" custom="readingOrder {index:3;}">
                <Coords points="365,540 1652,540 1652,582 365,582"/>
                <Baseline points="365,572 584,579 686,571 832,571 1015,572 1168,571 1388,572 1523,572 1634,572 1652,561"/>
                <TextEquiv>
                    <Unicode>{ńa̭ń-tupe̮śe̮i̭, en-e̮ ad̕d̕źi̮v meńt̕śi̮m voke̮s?» ńa̭ń-tupe̮ś šuvas: »men?̮}</Unicode>
                </TextEquiv>
                <TextStyle fontFamily="Times New Roman" fontSize="9.0" italic="true"/>
            </TextLine>
            <TextLine id="tl_6" primaryLanguage="German" custom="readingOrder {index:4;}">
                <Coords points="365,600 1655,600 1655,641 365,641"/>
                <Baseline points="365,633 426,632 469,633 502,631 525,640 590,632 627,632 798,632 895,632 956,638 1137,639 1244,633 1329,632 1489,631 1655,633"/>
                <TextEquiv>
                    <Unicode>{kurt̕t̕śi̮št, da i viśtala!» »me og kurt̕t̕śi̮št, voke̮s kole̮ korśni̮!» muna·s}</Unicode>
                </TextEquiv>
                <TextStyle fontFamily="Times New Roman" fontSize="9.0" italic="true"/>
            </TextLine>
            <TextLine id="tl_7" primaryLanguage="German" custom="readingOrder {index:5;}">
                <Coords points="364,661 1649,661 1649,703 364,703"/>
                <Baseline points="364,694 405,693 569,693 641,692 779,694 896,692 1042,691 1141,693 1295,699 1415,694 1474,700 1649,694"/>
                <TextEquiv>
                    <Unicode>{da muna·s da pani̮d lovas śu-kol̕ta. »śu-kol̕ta, śu-kol̕ta, meńt̕śi̮m}</Unicode>
                </TextEquiv>
            </TextLine>
            <TextLine id="tl_8" primaryLanguage="German" custom="readingOrder {index:6;}">
                <Coords points="365,721 1652,721 1652,763 365,763"/>
                <Baseline points="365,754 455,753 549,753 727,752 904,752 1040,753 1222,754 1345,755 1477,761 1652,754"/>
                <TextEquiv>
                    <Unicode>{voke̮s en-e̮ ad̕d̕źi̮v?» śu-kol̕ta šuvas: »mene̮-ke̮ ri̮ni̮še̮ śujan, viśtala!»}</Unicode>
                </TextEquiv>
                <TextStyle fontFamily="Times New Roman" fontSize="9.0" italic="true"/>
            </TextLine>
            <TextLine id="tl_9" primaryLanguage="German" custom="readingOrder {index:7;}">
                <Coords points="365,782 1652,782 1652,824 365,824"/>
                <Baseline points="365,814 416,823 517,820 641,815 740,813 914,813 1086,814 1160,814 1332,824 1414,813 1542,814 1652,815"/>
                <TextEquiv>
                    <Unicode>{»og ešti̮, vokse̮ kole̮ korśni̮!» muna·s da muna·s, si̮li̮ pani̮d lovas}</Unicode>
                </TextEquiv>
                <TextStyle fontFamily="Times New Roman" fontSize="9.0" italic="true"/>
            </TextLine>
            <TextLine id="tl_10" primaryLanguage="German" custom="readingOrder {index:8;}">
                <Coords points="364,842 1652,842 1652,882 364,882"/>
                <Baseline points="364,874 461,874 624,872 765,874 863,874 896,872 935,882 1031,874 1091,881 1187,875 1326,874 1502,876 1652,875"/>
                <TextEquiv>
                    <Unicode>{ri̮ni̮š. ri̮ni̮šli̮ šuvas: »ri̮ni̮še̮i̭, ri̮ni̮še̮i̭, en-e̮ ad̕d̕źi̮v meńt̕śi̮m voke̮s?»}</Unicode>
                </TextEquiv>
            </TextLine>
            <TextLine id="tl_11" primaryLanguage="German" custom="readingOrder {index:9;}">
                <Coords points="366,902 1652,902 1652,944 366,944"/>
                <Baseline points="366,935 461,921 541,934 640,934 848,935 962,935 1097,932 1165,942 1338,935 1442,936 1574,936 1652,944"/>
                <TextEquiv>
                    <Unicode>{ri̮ni̮š šuvas: »meńt̕śi̮m-ke̮ joge̮s t̕śi̮ški̮štan, viśtala!» ni̮v šuvas: »og}</Unicode>
                </TextEquiv>
            </TextLine>
            <TextLine id="tl_12" primaryLanguage="German" custom="readingOrder {index:10;}">
                <Coords points="364,963 1650,963 1650,1005 364,1005"/>
                <Baseline points="364,997 435,1004 560,996 659,995 830,994 1003,995 1067,995 1190,995 1229,1003 1295,996 1400,996 1520,996 1650,998"/>
                <TextEquiv>
                    <Unicode>{ešti̮, voke̮s kole̮ korśni̮!» muna·s da muna·s, da i₍t̕śe̮t kerka vovas.}</Unicode>
                </TextEquiv>
                <TextStyle fontFamily="Times New Roman" fontSize="9.0" italic="true"/>
            </TextLine>
            <TextLine id="tl_13" primaryLanguage="German" custom="readingOrder {index:11;}">
                <Coords points="363,1024 1649,1024 1649,1065 363,1065"/>
                <Baseline points="363,1057 449,1057 484,1056 588,1056 728,1045 792,1055 914,1056 1017,1056 1140,1056 1297,1054 1438,1057 1523,1057 1649,1058"/>
                <TextEquiv>
                    <Unicode>{sete̮n i vi₍d̕źe̮das — da voki̮s e̮ši̮ń doras pukale̮. set̕t̕śe̮ si̮je̮ pi̮ras.}</Unicode>
                </TextEquiv>
            </TextLine>
            <TextLine id="tl_14" primaryLanguage="German" custom="readingOrder {index:12;}">
                <Coords points="364,1084 1640,1084 1640,1125 364,1125"/>
                <Baseline points="364,1125 376,1125 477,1116 667,1116 723,1117 834,1117 949,1116 1121,1117 1246,1123 1291,1117 1345,1118 1525,1116 1640,1118"/>
                <TextEquiv>
                    <Unicode>{jomai̮s pete̮ma me̮s li̮śti̮ni̮. si̮je̮ bośtas vokse̮, da i munasni̮ ki̮ke̮n}</Unicode>
                </TextEquiv>
            </TextLine>
            <TextEquiv>
                <Unicode>{»šańgae̮, šańgae̮, voke̮s en-e̮ ad̕d̕źi̮v?» šańga šuvas: »mene̮ kurt̕t̕śi̮št,}
{da i viśtala!» »me og kurt̕t̕śi̮št, meni̮m kole̮ voke̮s korśni̮!» muna·s}
{da muna·s da ńa̭ń-tupe̮ś si̮li̮ pani̮d lovas. si̮je̮ šuvas: »ńa̭ń-tupe̮śe̮i̭,}
{ńa̭ń-tupe̮śe̮i̭, en-e̮ ad̕d̕źi̮v meńt̕śi̮m voke̮s?» ńa̭ń-tupe̮ś šuvas: »men?̮}
{kurt̕t̕śi̮št, da i viśtala!» »me og kurt̕t̕śi̮št, voke̮s kole̮ korśni̮!» muna·s}
{da muna·s da pani̮d lovas śu-kol̕ta. »śu-kol̕ta, śu-kol̕ta, meńt̕śi̮m}
{voke̮s en-e̮ ad̕d̕źi̮v?» śu-kol̕ta šuvas: »mene̮-ke̮ ri̮ni̮še̮ śujan, viśtala!»}
{»og ešti̮, vokse̮ kole̮ korśni̮!» muna·s da muna·s, si̮li̮ pani̮d lovas}
{ri̮ni̮š. ri̮ni̮šli̮ šuvas: »ri̮ni̮še̮i̭, ri̮ni̮še̮i̭, en-e̮ ad̕d̕źi̮v meńt̕śi̮m voke̮s?»}
{ri̮ni̮š šuvas: »meńt̕śi̮m-ke̮ joge̮s t̕śi̮ški̮štan, viśtala!» ni̮v šuvas: »og}
{ešti̮, voke̮s kole̮ korśni̮!» muna·s da muna·s, da i₍t̕śe̮t kerka vovas.}
{sete̮n i vi₍d̕źe̮das — da voki̮s e̮ši̮ń doras pukale̮. set̕t̕śe̮ si̮je̮ pi̮ras.}
{jomai̮s pete̮ma me̮s li̮śti̮ni̮. si̮je̮ bośtas vokse̮, da i munasni̮ ki̮ke̮n}</Unicode>
            </TextEquiv>
        </TextRegion>
        <TextRegion type="paragraph" id="r_3_1" custom="readingOrder {index:2;}">
            <Coords points="359,1220 1653,1220 1653,2469 359,2469"/>
            <TextLine id="tl_15" primaryLanguage="German" custom="readingOrder {index:0;}">
                <Coords points="364,1221 1650,1221 1650,1264 364,1264"/>
                <Baseline points="364,1264 572,1262 673,1254 746,1254 905,1254 1056,1254 1172,1253 1378,1254 1489,1255 1650,1245"/>
                <TextEquiv>
                    <Unicode>genkuchen, hast du meinen bruder nicht gesehen?» Der roggen-</Unicode>
                </TextEquiv>
                <TextStyle fontFamily="Times New Roman" fontSize="9.0" bold="true"/>
            </TextLine>
            <TextLine id="tl_16" primaryLanguage="German" custom="readingOrder {index:1;}">
                <Coords points="364,1282 1652,1282 1652,1323 364,1323"/>
                <Baseline points="364,1315 496,1315 620,1314 782,1313 856,1313 1065,1314 1156,1314 1244,1314 1321,1321 1382,1314 1483,1315 1560,1315 1652,1315"/>
                <TextEquiv>
                    <Unicode>kuchen sagt: »Beisse ein stückchen von mir ab, so sage ich es!»</Unicode>
                </TextEquiv>
                <TextStyle fontFamily="Times New Roman" fontSize="9.0" bold="true"/>
            </TextLine>
            <TextLine id="tl_17" primaryLanguage="German" custom="readingOrder {index:2;}">
                <Coords points="364,1341 1650,1341 1650,1380 364,1380"/>
                <Baseline points="364,1376 438,1375 568,1374 703,1375 780,1380 857,1373 972,1374 1126,1374 1273,1374 1454,1374 1540,1376 1650,1366"/>
                <TextEquiv>
                    <Unicode>»lch beisse nichts ab, ich muss meinen bruder suchen!» Sie wan-</Unicode>
                </TextEquiv>
                <TextStyle fontFamily="Times New Roman" fontSize="9.0" bold="true"/>
            </TextLine>
            <TextLine id="tl_18" primaryLanguage="German" custom="readingOrder {index:3;}">
                <Coords points="365,1403 1648,1403 1648,1444 365,1444"/>
                <Baseline points="365,1436 438,1435 543,1435 738,1442 841,1435 927,1434 1120,1435 1284,1436 1360,1435 1535,1444 1648,1436"/>
                <TextEquiv>
                    <Unicode>dert und wandert, und ihr entgegen kommt ein [rundes] brot.</Unicode>
                </TextEquiv>
                <TextStyle fontFamily="Times New Roman" fontSize="9.0" bold="true"/>
            </TextLine>
            <TextLine id="tl_19" primaryLanguage="German" custom="readingOrder {index:4;}">
                <Coords points="365,1462 1649,1462 1649,1503 365,1503"/>
                <Baseline points="365,1496 417,1495 542,1495 682,1494 803,1501 924,1494 1044,1500 1154,1495 1228,1494 1384,1495 1533,1496 1649,1496"/>
                <TextEquiv>
                    <Unicode>Sie sagt: »Mein brot, mein brot, hast du meinen bruder nicht</Unicode>
                </TextEquiv>
                <TextStyle fontFamily="Times New Roman" fontSize="9.0" bold="true"/>
            </TextLine>
            <TextLine id="tl_20" primaryLanguage="German" custom="readingOrder {index:5;}">
                <Coords points="363,1523 1650,1523 1650,1564 363,1564"/>
                <Baseline points="363,1564 544,1555 658,1555 766,1554 888,1554 1048,1554 1125,1554 1333,1554 1423,1554 1511,1555 1588,1563 1650,1553"/>
                <TextEquiv>
                    <Unicode>gesehen?» Das brot sagt: »Beisse ein stückchen von mir ab, so</Unicode>
                </TextEquiv>
                <TextStyle fontFamily="Times New Roman" fontSize="9.0" bold="true"/>
            </TextLine>
            <TextLine id="tl_21" primaryLanguage="German" custom="readingOrder {index:6;}">
                <Coords points="363,1583 1651,1583 1651,1623 363,1623"/>
                <Baseline points="363,1616 440,1615 518,1615 607,1615 716,1615 846,1615 980,1615 1057,1621 1134,1614 1250,1615 1338,1615 1478,1615 1651,1614"/>
                <TextEquiv>
                    <Unicode>sage ich es!» »lch beisse nichts ab, ich muss den bruder suchen!»</Unicode>
                </TextEquiv>
                <TextStyle fontFamily="Times New Roman" fontSize="9.0" bold="true"/>
            </TextLine>
            <TextLine id="tl_22" primaryLanguage="German" custom="readingOrder {index:7;}">
                <Coords points="364,1644 1649,1644 1649,1684 364,1684"/>
                <Baseline points="364,1677 417,1676 602,1676 708,1676 901,1682 1003,1675 1086,1675 1276,1676 1432,1676 1527,1676 1649,1666"/>
                <TextEquiv>
                    <Unicode>Sie wandert und wandert, und ihr entgegen kommt eine korn-</Unicode>
                </TextEquiv>
                <TextStyle fontFamily="Times New Roman" fontSize="9.0" bold="true"/>
            </TextLine>
            <TextLine id="tl_23" primaryLanguage="German" custom="readingOrder {index:8;}">
                <Coords points="364,1704 1649,1704 1649,1745 364,1745"/>
                <Baseline points="364,1745 474,1737 657,1744 880,1743 1033,1744 1250,1742 1344,1737 1407,1736 1556,1737 1649,1728"/>
                <TextEquiv>
                    <Unicode>garbe. »[Meine] korngarbe, [meine] korngarbe, hast du meinen bru-</Unicode>
                </TextEquiv>
                <TextStyle fontFamily="Times New Roman" fontSize="9.0" bold="true"/>
            </TextLine>
            <TextLine id="tl_24" primaryLanguage="German" custom="readingOrder {index:9;}">
                <Coords points="364,1765 1650,1765 1650,1805 364,1805"/>
                <Baseline points="364,1797 422,1797 544,1797 755,1795 860,1796 1070,1797 1185,1796 1332,1797 1402,1796 1514,1797 1572,1797 1650,1798"/>
                <TextEquiv>
                    <Unicode>der nicht gesehen?» Die korngarbe sagt: »Wenn du mich in die</Unicode>
                </TextEquiv>
                <TextStyle fontFamily="Times New Roman" fontSize="9.0" bold="true"/>
            </TextLine>
            <TextLine id="tl_25" primaryLanguage="German" custom="readingOrder {index:10;}">
                <Coords points="363,1825 1649,1825 1649,1865 363,1865"/>
                <Baseline points="363,1857 449,1858 611,1864 672,1857 772,1856 848,1856 938,1856 1044,1856 1154,1857 1274,1858 1375,1864 1452,1857 1568,1858 1649,1858"/>
                <TextEquiv>
                    <Unicode>riege steckst, so sage ich es!» »lch habe keine zeit, ich muss den</Unicode>
                </TextEquiv>
                <TextStyle fontFamily="Times New Roman" fontSize="9.0" bold="true"/>
            </TextLine>
            <TextLine id="tl_26" primaryLanguage="German" custom="readingOrder {index:11;}">
                <Coords points="363,1885 1649,1885 1649,1926 363,1926"/>
                <Baseline points="363,1917 486,1917 674,1911 776,1917 959,1916 1061,1916 1257,1924 1377,1925 1463,1917 1649,1917"/>
                <TextEquiv>
                    <Unicode>bruder suchen!» Sie wandert und wandert, [und] ihr entgegen</Unicode>
                </TextEquiv>
                <TextStyle fontFamily="Times New Roman" fontSize="9.0" bold="true"/>
            </TextLine>
            <TextLine id="tl_27" primaryLanguage="German" custom="readingOrder {index:12;}">
                <Coords points="363,1945 1650,1945 1650,1985 363,1985"/>
                <Baseline points="363,1977 494,1977 601,1977 736,1977 830,1976 923,1976 1042,1977 1144,1977 1235,1976 1394,1977 1515,1984 1650,1977"/>
                <TextEquiv>
                    <Unicode>kommt eine riege. Zu der riege sagt sie: »Meine riege, meine</Unicode>
                </TextEquiv>
                <TextStyle fontFamily="Times New Roman" fontSize="9.0" bold="true"/>
            </TextLine>
            <TextLine id="tl_28" primaryLanguage="German" custom="readingOrder {index:13;}">
                <Coords points="363,2005 1649,2005 1649,2047 363,2047"/>
                <Baseline points="363,2036 450,2037 582,2043 693,2036 769,2036 932,2036 1087,2036 1209,2037 1417,2035 1538,2037 1649,2037"/>
                <TextEquiv>
                    <Unicode>riege klein, hast du meinen bruder nicht gesehen?» »Die riege</Unicode>
                </TextEquiv>
                <TextStyle fontFamily="Times New Roman" fontSize="9.0" bold="true"/>
            </TextLine>
            <TextLine id="tl_29" primaryLanguage="German" custom="readingOrder {index:14;}">
                <Coords points="362,2065 1649,2065 1649,2105 362,2105"/>
                <Baseline points="362,2097 451,2096 607,2096 676,2096 764,2096 942,2096 1025,2097 1111,2096 1260,2102 1363,2097 1439,2097 1530,2097 1649,2097"/>
                <TextEquiv>
                    <Unicode>sagt: »Wenn du den kehricht aus mir kehrst, sage ich es!» Das</Unicode>
                </TextEquiv>
                <TextStyle fontFamily="Times New Roman" fontSize="9.0" bold="true"/>
            </TextLine>
            <TextLine id="tl_30" primaryLanguage="German" custom="readingOrder {index:15;}">
                <Coords points="362,2125 1650,2125 1650,2166 362,2166"/>
                <Baseline points="362,2155 527,2157 652,2157 762,2157 881,2157 1006,2157 1101,2157 1222,2164 1298,2157 1415,2158 1502,2158 1650,2158"/>
                <TextEquiv>
                    <Unicode>mädchen sagt: »lch habe keine zeit dazu, ich muss den bruder</Unicode>
                </TextEquiv>
                <TextStyle fontFamily="Times New Roman" fontSize="9.0" bold="true"/>
            </TextLine>
            <TextLine id="tl_31" primaryLanguage="German" custom="readingOrder {index:16;}">
                <Coords points="363,2185 1647,2185 1647,2226 363,2226"/>
                <Baseline points="363,2216 520,2214 617,2217 795,2218 888,2217 1062,2217 1156,2217 1315,2218 1379,2217 1493,2216 1647,2218"/>
                <TextEquiv>
                    <Unicode>suchen!» Sie wandert und wandert und gelangt zu einer kleinen</Unicode>
                </TextEquiv>
                <TextStyle fontFamily="Times New Roman" fontSize="9.0" bold="true"/>
            </TextLine>
            <TextLine id="tl_32" primaryLanguage="German" custom="readingOrder {index:17;}">
                <Coords points="360,2246 1648,2246 1648,2285 360,2285"/>
                <Baseline points="360,2276 471,2277 602,2276 720,2278 800,2278 904,2277 986,2277 1051,2268 1143,2277 1235,2285 1342,2278 1424,2278 1570,2278 1648,2278"/>
                <TextEquiv>
                    <Unicode>hütte. Hier sieht sie sich um — und [da] sitzt ihr bruder am</Unicode>
                </TextEquiv>
                <TextStyle fontFamily="Times New Roman" fontSize="9.0" bold="true"/>
            </TextLine>
            <TextLine id="tl_33" primaryLanguage="German" custom="readingOrder {index:18;}">
                <Coords points="361,2305 1648,2305 1648,2347 361,2347"/>
                <Baseline points="361,2336 496,2336 666,2337 738,2337 816,2338 950,2346 1053,2338 1132,2339 1207,2337 1275,2346 1441,2338 1648,2328"/>
                <TextEquiv>
                    <Unicode>fenster. Hinein [in die stube] tritt sie. Die {joma} war ausgegan-</Unicode>
                </TextEquiv>
            </TextLine>
            <TextLine id="tl_34" primaryLanguage="German" custom="readingOrder {index:19;}">
                <Coords points="360,2365 1647,2365 1647,2405 360,2405"/>
                <Baseline points="360,2405 434,2403 521,2396 609,2396 727,2397 798,2397 963,2399 1062,2397 1216,2398 1332,2398 1490,2405 1584,2399 1647,2398"/>
                <TextEquiv>
                    <Unicode>gen, um die kühe zu melken. Sie nimmt ihren bruder, und zu</Unicode>
                </TextEquiv>
                <TextStyle fontFamily="Times New Roman" fontSize="9.0" bold="true"/>
            </TextLine>
            <TextLine id="tl_35" primaryLanguage="German" custom="readingOrder {index:20;}">
                <Coords points="360,2425 1646,2425 1646,2468 360,2468"/>
                <Baseline points="360,2456 482,2456 659,2458 740,2459 839,2458 928,2458 1022,2458 1125,2458 1303,2458 1459,2459 1504,2459 1646,2459"/>
                <TextEquiv>
                    <Unicode>zweien machen sie sich auf den weg. Darauf kommt die {joma}</Unicode>
                </TextEquiv>
            </TextLine>
            <TextEquiv>
                <Unicode>genkuchen, hast du meinen bruder nicht gesehen?» Der roggen-
kuchen sagt: »Beisse ein stückchen von mir ab, so sage ich es!»
»lch beisse nichts ab, ich muss meinen bruder suchen!» Sie wan-
dert und wandert, und ihr entgegen kommt ein [rundes] brot.
Sie sagt: »Mein brot, mein brot, hast du meinen bruder nicht
gesehen?» Das brot sagt: »Beisse ein stückchen von mir ab, so
sage ich es!» »lch beisse nichts ab, ich muss den bruder suchen!»
Sie wandert und wandert, und ihr entgegen kommt eine korn-
garbe. »[Meine] korngarbe, [meine] korngarbe, hast du meinen bru-
der nicht gesehen?» Die korngarbe sagt: »Wenn du mich in die
riege steckst, so sage ich es!» »lch habe keine zeit, ich muss den
bruder suchen!» Sie wandert und wandert, [und] ihr entgegen
kommt eine riege. Zu der riege sagt sie: »Meine riege, meine
riege klein, hast du meinen bruder nicht gesehen?» »Die riege
sagt: »Wenn du den kehricht aus mir kehrst, sage ich es!» Das
mädchen sagt: »lch habe keine zeit dazu, ich muss den bruder
suchen!» Sie wandert und wandert und gelangt zu einer kleinen
hütte. Hier sieht sie sich um — und [da] sitzt ihr bruder am
fenster. Hinein [in die stube] tritt sie. Die {joma} war ausgegan-
gen, um die kühe zu melken. Sie nimmt ihren bruder, und zu
zweien machen sie sich auf den weg. Darauf kommt die {joma}</Unicode>
            </TextEquiv>
        </TextRegion>
        <SeparatorRegion id="r_4" custom="readingOrder {index:3;}">
            <Coords points="368,1164 1598,1164 1598,1168 368,1168"/>
        </SeparatorRegion>
    </Page>
</PcGts>
