1809 2951
707 257 899 286 — 109 —
160 348 1442 392 {ke̮sjiśis led̕źni̮ uźni̮ pipili̮sti̮ke̮d. pipili̮sti̮e̮s voi̭ kežle̮ jona}
158 409 1059 451 {juktalasni̮ i bara sije̮ oz ki̮vli̮, ki̮d̕ź ni̮v be̮rdas:}
420 496 1009 538 {»pipili̮sti̮ se̮ke̮le̮i̭, se̮ke̮le̮i̭!}
419 556 1085 598 {joma lugte̮ vu₍dži ńin, vu₍dži ńin}
420 617 1057 658 {e̮gi̮ra lugte̮ vu₍dži ńin, vu₍dži ńin,}
419 677 1044 717 {zarńia rektante̮ śeti ńin, śeti ńin,}
419 737 1047 779 {še̮vk-tupi̮l̕jaste̮ śeti ńin, śeti ńin.»}
269 822 1448 864 {koi̭me̮d lun vois. pipili̮sti̮ kutis vinai̮ś vid̕t̕śiśni̮. ni̮v śetas}
164 882 1448 924 {jomali̮ zarńia vurśan-pal̕i₍t̕śa: joma uźni̮ le₍d̕źas. ni̮v bara kutas}
165 942 290 974 {be̮rdni̮:}
424 994 1006 1035 {»pipili̮sti̮ se̮ke̮le̮i̭, se̮ke̮le̮i̭!}
423 1054 1060 1096 {joma lugte̮ vu₍dži ńin, vu₍dži ńin,}
425 1114 1064 1156 {e̮gi̮ra lugte̮ vu₍dži ńin, vu₍dži ńin,}
424 1174 1051 1213 {zarńia rektante̮ śeti ńin, śeti ńin,}
168 1303 1450 1344 Pipilysty zu schlafen. Sie machen den Pipilysty für die nacht stark
169 1362 1449 1402 betrunken, und wiederum hört er nicht, wie das mädchen weint:
168 1458 1076 1499 »Mein lieber falke Pipilystv, mein lieber falke!
169 1516 1451 1558 die wiese joma's habe ich schon überschritten, schon überschritten,
169 1577 1418 1615 die wiese voll brennender kohlen habe ich schon überschritten,
887 1637 1273 1676 schon überschritten,
171 1698 1453 1739 die goldene garnwinde habe ich schon weggegeben, schon wegge-
890 1759 1006 1798 geben,
172 1818 1455 1859 die seidenknäuel habe ich schon weggegeben, schon weggegeben.»
279 1902 1455 1944 Der dritte tag brach an. Der Pipilystv fing an nüchtern zu
173 1963 1454 2004 werden. Das mädchen gibt der joma den goldenen nährahmen:
173 2022 1456 2064 die joma lässt sie [mit dem Pipilystv] schlafen. Das mädchen
173 2083 710 2123 fängt wieder an zu weinen:
174 2168 1081 2209 »Mein lieber falke Pipilysty, mein lieber falke!
176 2227 1458 2269 die wiese joma's habe ich schon überschritten, schon überschritten,
175 2288 1422 2325 die wiese voll brennender kohlen habe ich schon überschritten,
894 2347 1277 2386 schon überschritten,
174 2408 1459 2449 die goldene garnwinde habe ich schon weggegeben, schon wegge-
896 2469 1012 2508 geben,
