1819 2933
798 238 903 267 53 —
178 329 1462 371 {povźas i pue̮ šark ki̮le̮ kajas. a sije̮ pu vi̮li̮n ve̮li oš. oš kańi̮ś pov-}
176 390 907 432 {źas da pu vi̮vśa̭ńi̮s t̕śḙt̕t̕śi̮štas i pi̮šjas.}
279 451 1461 492 {kor-ke̮ ke̮jin da oš e̮tlaaśasni̮. ke̮jin šue̮: »mene̮ ńe-una ez śoi̭!»,}
178 511 880 552 {a oš šue: »menam stav gi̮rke̮i̭ ve̮rźis.»}
797 637 847 666 18.
639 703 1000 743 {petuk da iz-ki.}
281 780 1457 822 {olisni̮ vi̮lisni̮ starik gozja. nale̮n ve̮li petuk da iz-ki. e̮t̕t̕śi̮d na}
177 841 1459 881 {orde̮ loktis barin i kutis ve̮zji̮śni̮ uźni̮. barine̮s uźni̮ le₍d̕źasni̮. barin}
177 900 1456 943 {vodis uźni̮ i voi̭nas guśalis iz-kise̮. askinas t̕śḙt̕t̕śasni̮ starik gozja:}
176 962 882 1003 {iz-kii̮s i abu! petuke̮s i̮stasni̮ korśni̮.}
282 1021 1459 1063 {petuk munas da munas i si̮li̮ pani̮d love̮ ur. ur i šuas: »petuke̮}
178 1080 1458 1122 {voke̮, ki̮t̕t̕śe̮ munan?» petuk šuas: »iz-ki korśni̮ muna.» ur šuas:}
177 1142 1032 1182 {»mene̮ tše̮tš bośt!» petuk i šuas: »pi̮r sitane̮!»}
180 1264 1460 1305 [gerade] in diesem baum befand sich der bär. Der bär erschrickt
177 1323 1331 1362 über die katze, wirft sich vom baume herab und entflieht,
284 1383 1458 1424 Einmal [hinterher] stossen der wolf und der bär aufeinander.
179 1444 1461 1485 Der wolf sagt: »Mich hätte er beinahe aufgefressen!», und der bär
177 1504 1280 1545 sagt: »ln mir wichen alle eingeweide von ihrem platze!»
1121 1566 1360 1607 (Ust̕sysol̕sk.)
800 1647 847 1675 18.
450 1713 1199 1746 Der hahn und der mühlstein.
282 1791 1458 1824 Es war einmal ein mann und eine frau. Sie hatten einen
178 1850 1459 1884 hahn und einen mühlstein. Einmal kam ein herr zu ihnen und
176 1911 1460 1953 begann um nachtquartier zu bitten. Sie nehmen den herrn für
177 1972 1457 2012 die nacht zum schlafen auf. Der herr legte sich zum schlafen
178 2032 1459 2072 nieder und stahl in der nacht den mühlstein. Am morgen stehen
178 2092 1459 2126 der mann und die frau auf: der mühlstein ist nicht mehr da! Sie
177 2152 1046 2192 schicken den hahn aus, um [ihn] zu suchen.
282 2211 1458 2253 Der hahn geht und geht fürbass, und ihm entgegen kommt
178 2271 1460 2312 ein eichhorn. Das eichhorn aber sagt: »Hahn, mein brüderlein,
179 2330 1458 2373 wo gehst du hin?» Der hahn erwidert: »Einen mühlstein zu su-
177 2390 1459 2433 chen gehe ich.» Das eichhorn sagt: »Nimm mich mit!» Da sagt
178 2450 935 2491 der hahn: »Schlüpf in [meinen] steiss!»
