1819 2952
924 249 1097 278 — 58 —
364 341 1650 381 {vo₍d̕źe̮ munas. bara voas me̮d kerkae̮ uźni̮. seni bara t̕e̮tka ole̮:}
366 401 1652 444 {»t̕e̮tka, t̕e̮tka, led̕ź uźni̮!» »lok, uź!» »menam kure̮g em, da ki̮t̕t̕śe̮}
366 461 1652 505 {le₍d̕źa?» »juśjas dine̮ led̕ź.» voi̭nas d̕a̭d̕e̮ kure̮ge̮s nat̕śkas. askinas}
366 523 1654 566 {bara kutas šuni̮: »meńt̕śi̮m juśjasi̮d kure̮ge̮s vie̮mae̮ś! me sud̕it̕t̕śi̮ni̮}
366 583 1650 627 {muna!» »en mun, med bur juśke̮s śeta!» d̕a̭d̕e̮ juś bośtas da munas.}
366 644 1654 686 {loktan voi̭ kežle̮ bara uźme̮d̕t̕śas koi̭me̮d t̕e̮tka orde̮. bara šuas: »menam}
366 704 1654 747 {em juś, da ki̮t̕t̕śe̮ le₍d̕źa?» »i̮žjas dine̮ let̕t̕śe̮d!» voi̭nas d̕a̭d̕e̮ let̕t̕śas}
366 766 1653 809 {kartaas, juśke̮s vias. askinas šuas: »meńt̕śi̮m juśke̮s i̮žjasi̮d vie̮mae̮ś!}
366 828 1655 867 {me muna sud̕it̕t̕śi̮ni̮!» t̕e̮tka šue̮: »bośt meńt̕śi̮m med bur i̮že̮s, a en}
365 888 1655 932 {mun sud̕it̕t̕śi̮ni̮!» d̕a̭d̕e̮ i̮že̮s bośtas da bara vo₍d̕źe̮ munas. loktan}
366 948 1656 989 {voje̮ uźme̮d̕t̕śas bara e̮t̕ik kerkai̮n. seni tše̮ktasni̮ si̮li̮ i̮že̮s led̕źni̮}
366 1008 1651 1052 {ešjas dine̮. voi̭nas d̕a̭d̕e̮ i̮že̮s nat̕śkas da asi̮vnas i šuḙ: »meńt̕śi̮m}
367 1158 1655 1199 ich gebe [dir] das beste huhn!» Der alte nimmt das huhn und
367 1219 1655 1253 wandert weiter. Wieder kommt er für die nacht in ein anderes
367 1280 1656 1320 haus. Auch darin wohnt eine frau: »Mein tantchen, mein tant-
366 1341 1656 1381 chen, lass [mich] zum schlafen ein!» »Komm, schlafe!» »lch habe
367 1401 1656 1443 ein huhn, aber wo soll ich [es] hintun?» »ue [es] zu den schwä-
368 1462 1655 1502 nen.» In der nacht bringt der alte das huhn um. Am morgen
367 1521 1656 1563 beginnt er wieder zu sagen: »Deine schwäne haben mir das huhn
368 1581 1654 1623 umgebracht! Ich gehe [deswegen] vor gericht!» »Geh nicht, ich
367 1642 1654 1682 gebe [dir meinen] besten schwan!» Der alte nimmt den schwan
368 1702 1654 1742 und geht von dannen. Die folgende nacht bleibt er die nacht
368 1762 1656 1803 über wieder bei einer dritten frau. Abermals sagt er: »lch habe
367 1823 1656 1864 einen schwan, aber wo soll ich [ihn] hintun?» »'ue [ihn] zu den
367 1882 1658 1923 schafen!» In der nacht geht der alte in den viehpferch [und] bringt
369 1942 1658 1983 den schwan um. Am morgen sagt er: »Deine schafe haben mir
368 2003 1656 2044 den schwan umgebracht! Ich gehe [deswegen] vor gericht!» Die
368 2062 1658 2103 frau sagt: »Nimm das beste schaf von mir, aber gehe nicht vor
367 2123 1655 2164 gericht!» Der alte nimmt das schaf und wandert wieder weiter.
371 2182 1654 2224 Die folgende nacht bleibt er wieder die nacht über in einem haus.
370 2243 1656 2276 Dort heissen sie ihn das schaf zu den ochsen tun. In der nacht
367 2302 1658 2344 tötet der alte das schaf und sagt am morgen: »Eure ochsen ha-
368 2363 1657 2405 ben mir das schaf getötet! Ich gehe [darum] vor gericht!» Sie
368 2423 1657 2465 geben ihm ihren besten ochsen. Er nimmt den ochsen, schirrt
