1812 2977
729 304 904 333 — 275 —
436 395 1138 437 {te̮dlin te menśi̮m ge̮l̕-lune̮s, ozi̮r-lune̮s.}
434 456 914 498 {gaške̮ me lokta tijan dine̮}
385 517 1001 558 {5. džodž kuźai̮d og kuž tuvt̕śi̮ni̮!}
434 576 879 617 {e̮dje̮ndži̮k ke̮ me tuvt̕śa:}
435 638 1202 681 {»džodž-plakase̮» pe̮ »l̕oki̮dla te t̕śegjalan!»}
437 699 924 732 {na₍d̕źe̮ndži̮k ke̮ me tuvt̕śa:}
437 756 1141 798 {»di̮ši̮dla kokte̮» pe̮ »ki̮ski̮ni̮ on vermi̮!a}
375 818 1143 857 {10. se₍tše̮ma mene̮, końe̮re̮s, kutad vid̕źni̮!}
435 877 899 918 {gaške̮ mene̮ kutad vid̕źni̮}
438 938 823 979 {pore̮g-uv ge̮l̕ik tujas!}
282 1103 1344 1143 Klage der frau beim tode ihres mannes.\1\
796 1194 823 1221 1.
690 1267 929 1307 (Ust̕sysol̕sk.)
591 1344 981 1385 {šondi-bane̮i̭, muži̮ke̮i̭,}
589 1403 908 1442 {vit̕śko-vi̮v kreste̮i̭,}
234 1533 1104 1570 Du kanntest meine armut, meinen reichtum.
232 1592 1207 1634 Vielleicht verstehe ich, wenn ich zu euch komme,
183 1653 885 1687 5. nicht über die diele zu schreiten!
232 1713 979 1755 Wenn schneller ich schreite, sagst du:
232 1772 1245 1808 »Bei deiner bosheit zerbrichst du die dielenbalken!»
234 1832 1007 1873 Wenn ich langsamer schreite, sagst du:
234 1892 1387 1927 »Bei deiner faulheit kannst du deine füsse nicht vorwärts-
992 1954 1203 1994 schleppen!»
172 2012 1046 2052 10. So beginnst du mich arme zu behandeln!
233 2071 1043 2111 Vielleicht beginnst du mich zu behandeln
232 2131 997 2165 wie den reiserbesen unter der schwelle!
796 2257 822 2286 1.
389 2322 1085 2362 Oh, du mein sönnchen, mein mann,
388 2382 869 2422 du mein kirchturmkreuz,
272 2502 1140 2542 \1\ Auf der fahrt nach dem grabe und am grabe.
