1817 2939
956 265 1059 293 226 —
667 357 1065 399 {krit̕t̕śe̮ vi̮las petas da}
666 418 1092 459 {d̕źorjalas da d̕źorjalas:}
667 479 1104 512 {ńe-ki̮ś ńi-ne̮m oz ad̕d̕ź;.}
668 540 1046 580 {kerka ge̮ge̮r ge̮ge̮rtas:}
603 600 1168 641 {35. važ drugi̮ske̮d pani̮d lovas!}
668 661 1069 699 {be̮rdasni̮ da be̮rdasni̮:}
666 720 1104 762 {bi̮dsa t̕śi̮šjan ke̮te̮dasni̮,}
668 781 1098 822 {bi̮dsa t̕śi̮šjan ke̮te̮dasni̮,}
667 841 1067 883 {veśki̮d źeptas śujasni̮,}
603 902 1074 943 {40. veśki̮d źeptas śujasni̮,}
667 962 1023 996 {e̮t-me̮dare̮ munasni̮.}
710 1023 1229 1064 {it̕ś-moń kerkae̮ pi̮ras — da}
667 1083 1070 1117 {starikle̮n tai̭ le̮śe̮de̮ma}
669 1143 1189 1185 {kvai̭t-voža mol̕ja-poma plet̕;}
604 1204 1154 1244 {45. ńe-te̮kmi̮-šte̮ kvai̭t-voža —}
670 1264 1206 1305 {e̮kmi̮s-voža mol̕ja-poma plet̕;}
667 1325 1170 1357 {ńe-te̮kmi̮-šte̮ e̮kmi̮s-voža —}
412 1470 1081 1512 Sie geht auf die freitreppe hinaus,
412 1531 1249 1572 sie sieht sich suchend um, ihr auge späht:
412 1591 890 1624 nichts ist dort zu sehen.
412 1651 997 1692 Sie geht um das haus herum:}
348 1711 1261 1752 35. ihr einstiger geliebter kommt ihr entgegen!
415 1771 859 1810 Sie weinen, sie weinen,
412 1831 1224 1872 mit tränen benetzen sie ganz ihre tücher,
411 1891 1228 1932 mit tränen benetzen sie ganz ihre tücher,
413 1950 1442 1991 in die rechte tasche stecken sie [ihre tücher] hinein,
349 2010 1444 2052 40. in die rechte tasche stecken sie [ihre tücher] hinein,
416 2071 1415 2111 [und] gehen nach verschiedenen seiten auseinander.
519 2132 1557 2172 Das junge weibchen geht in die stube hinein — und
412 2192 980 2224 da hat der alte bei der hand
412 2251 1148 2293 eine knute mit sechs knotigen enden;
348 2311 993 2344 45. nicht nur mit sechs enden —
413 2371 1265 2413 sogar eine knute mit neun knotigen enden;
412 2431 988 2464 nicht nur mit neun enden —
