1803 2956
770 281 896 310 265 —
428 373 1103 413 {paśki̮d-pokosta vid̕ź vi̮las i̮tški̮ni̮ se̮,}
427 433 937 474 {e̮tar ponśa̭ń da me̮dare̮₍d̕źi̮s}
366 494 855 533 {30. e̮dva tai̭ mi ve̮li voam.}
428 554 1085 595 {kodi ne̮ ted e̮ni pondas u₍džavni̮ te̮}
426 614 909 655 {paśki̮d-pokosta vid̕ź vi̮lad,}
427 673 866 715 {paśki̮d-adasa mu vi̮lad?}
425 734 749 775 {mene̮ te je̮tki̮štan,}
363 794 1056 835 {35. da bure̮s e̮me̮i̭ te nad̕e̮i̭t̕t̕śan loig?}
426 854 1066 893 {oz ve̮d ted lo doli̮di̮s da kokńidi̮s!}
427 914 756 946 {ke̮t te eśke̮n mene̮}
427 973 838 1014 {taje gože̮mse̮ gožje̮din!}
425 1033 976 1074 {ni̮v tujas ke̮ me teni̮d eg tui̭,}
362 1092 1064 1133 {40. sluga tujas med te mene̮ gožje̮din,
424 1152 886 1193 {sluga tujas ke̮ me eg tui̭}
424 1212 1183 1254 {pe̮dve̮rńi₍t̕śa tujas med te mene̮ gožje̮din,}
424 1272 1009 1313 {pe̮dve̮rńi₍t̕śa tujas ke̮ me eg tui̭}
220 1411 1205 1453 auf die breitplänige heuwiese, um heu zu machen,
220 1472 1148 1505 dann konnten wir vom einen ende zum andern
154 1531 830 1572 30. kaum gehen [so gross war sie].
219 1592 1435 1633 Wer aber wird dir nun [wenn ich nicht mehr da bin] arbeit tun
218 1652 877 1693 auf deiner breitplänigen heuwiese,
218 1713 851 1753 auf deinen breitbeetigen äckern?
219 1772 775 1813 Mich stössest du [jetzt] fort,
152 1832 1216 1873 35. aber hoffst du, das werde zum guten ausschlagen?
219 1893 1368 1926 Daraus erwächst dir doch keine freude und kein wohlsein!
218 1952 840 1992 Wenn du mich doch wenigstens
218 2012 943 2052 diesen sommer [daheim] sein liessest!
218 2071 1104 2112 Wenn ich dir nicht als tochter getaugt habe,
152 2131 1433 2171 40. hättest du mich doch nur den sommer [wenigstens] als dienerin
976 2192 1370 2232 [daheim] sein lassen,
215 2251 1104 2292 wenn ich dir nicht als dienerin getaugt habe,
215 2311 1433 2352 hättest du mich doch nur den sommer [wenigstens] als pflegling
973 2371 1368 2412 [daheim] sein lassen,
215 2431 1117 2472 wenn ich dir nicht als pflegling getaugt habe,
