1809 2956
733 262 865 291 — 45 —
257 355 1440 396 {t̕śad šui̭is: »ok ma! menam purti̮s ni̮ž. mun, vetli̮ jen orde̮}
154 416 1055 458 {zudla.» jen orde̮ kote̮rtis da kote̮rtis da kote̮rtis:}
567 512 860 552 {»jenme̮i̭, jenme̮i̭,}
567 572 791 611 {vai̭ te̮ zudte̮,}
566 632 882 674 {t̕śad-purt kesli̮ni̮,}
564 693 883 730 {śe̮ki̮re̮s nat̕śki̮ni̮.»}
566 754 717 784 etc, etc.
257 846 1438 887 {jen šue̮: »ok ma! menam zudji̮s śe̮ki̮d, kole̮ e̮ške̮n ki̮ski̮ni̮. mun}
154 905 1437 946 {že̮, vetli̮ te̮li̮ś orde̮ e̮šla!» te̮li̮ś orde̮ kote̮rtis da kote̮rtis da kote̮rtis:}
568 1001 834 1040 {»te̮li̮śe̮i̭, te̮li̮śe̮i̭,}
567 1062 763 1100 {vai̭ te̮ e̮šte̮,}
566 1122 860 1162 {jen-zud ki̮ski̮ni̮,}
565 1181 892 1222 {t̕śad-purt kesli̮ni̮.»}
566 1243 717 1272 ete. etc.
262 1368 1436 1409 Der »t̕śad» sagte: »Das geht nicht! Mein messer ist stumpf.
158 1428 1439 1470 Geh, begib dich zu Gott und hole seinen wetzstein!» Er lief,
156 1489 569 1522 lief und lief zu Gott:
313 1584 765 1623 »Mein Gott, mein Gott,
310 1642 823 1685 gib doch deinen wetzstein,
312 1704 1054 1742 um das messer des »t̕śad» zu schärfen,
314 1764 928 1803 um den wallach zu schlachten.»
312 1826 463 1856 etc. etc.
261 1916 1439 1958 Gott sagt: »Das geht nicht! Mein wetzstein ist schwer, man
157 1977 1439 2018 muss ihn mit einem ochsen hinschleppen. Geh aber, begib dich
158 2038 1441 2078 zum mond und führe seinen ochsen herbei!» Er lief, lief und lief
157 2100 394 2132 zum monde:
313 2194 803 2233 »Mein mond, mein mond,
312 2255 774 2296 gib doch deinen ochsen,
313 2314 1074 2355 um den wetzstein Gottes zu schleppen,
316 2375 1076 2415 um das messer des »t̕śad» zu schärfen.»
313 2438 464 2468 ete. etc.
