1796 2946
686 243 898 309 — 191 —
753 378 821 439 2.\1\
364 467 894 513 {dubja-pu vi̮li̮n ńol̕ ur kui̭le̮,}
363 529 868 575 {ńol̕ ur vi̮li̮n ńol̕ tuś kui̭le̮.}
363 589 958 638 {e̮t̕i tuś ke̮ bośtam da annase̮,}
364 649 1098 699 {me̮d tuś ke̮ bośtam da peti̮re̮vnase̮,}
315 711 1108 754 {5. koi̭me̮d tuś ke̮ bośtam da mika·i̭le̮se̮,}
366 771 1090 817 {ńol̕e̮d tuś ke̮ bośtam da iva·ne̮vitse̮.}
560 922 1006 982 2. Untere Vyčegda.
703 1000 887 1058 (Kokvic.)
766 1087 814 1142 3.
578 1170 849 1214 {ul̕i₍t̕śae͔ ke͔ peti,}
572 1229 919 1278 {pe̮ri̮ś ku₍tši̮s lebale͔,}
572 1291 942 1333 {tom kitsai̮s ordje͔dle͔.}
700 1430 832 1494 2.\1\
216 1520 1118 1568 Auf dem eichenbaum liegen vier eichhörnchen,
207 1579 1092 1629 auf den vier eichhörnchen liegen vier beeren.
214 1643 1408 1693 Wenn wir eine beere nehmen, so [nehmen wir in den kreis]
969 1702 1147 1748 die Anna,
222 1755 1416 1814 wenn wir die zweite beere nehmen, so [nehmen wir in den
968 1820 1374 1868 kreis] Peters tochter,
163 1876 1411 1935 5. wenn wir die dritte beere nehmen, so [nehmen wir in den
968 1943 1325 1986 kreis] den Michael.
217 1995 1406 2056 wenn wir die vierte beere nehmen, so [nehmen wir in den
967 2064 1315 2111 kreis] lvans sohn.
778 2144 811 2203 3.
368 2236 884 2283 Als ich auf die gasse ging.
371 2297 1230 2343 [sah ich wie] eine alte nachteule dahinfliegt,
363 2358 1143 2402 ein junger vogel an ihr vorüberstreicht,
208 2438 479 2520 \1\ Reigenlied.
