1802 2942
704 254 896 283 — 167 —
264 345 1010 386 {210. ul̕e̮n pi̮re̮, kose̮n pete̮. — še̮t̕t̕śe̮m.}
263 404 1438 448 211. una toška mortjas t̕śoi̭ ji̮le̮ kaje̮mae̮ś, ke̮rt-bed̕d̕e̮n pi̮kli̮-}
158 465 915 505 {śe̮mae̮ś, šat̕erte̮n vevtji̮śe̮mae̮ś. — suslan,}
264 525 1438 567 {212. vai̮n t̕śuži, bii̮n bi̮dmi, mame̮s bat̕e̮s ad̕d̕źi, kuli. — sov.}
264 586 1439 627 {213. vat̕t̕śik lokte̮, tene̮ vias, mene̮ vias, te kulan, me kula,}
163 646 904 685 {te kośman, me kośma. — ke̮sa i turun.}
265 706 965 744 {214. va vome̮n ker kui̭le̮. — mat̕it̕ś,}
264 766 1135 807 {215. vetle̮ i mune̮, tupe̮śe̮n gi̮le̮de̮. — kok-tui̭.}
263 826 1446 867 {216. ve̮re̮ kaje̮ — śer śere̮de̮, gorte̮ lokte̮ — śer śere̮de̮. — ńin-}
163 887 414 921 {ke̮me̮n vetle̮m.}
266 946 1447 988 {217. ve̮re̮ mune̮ (od: kaje̮) — de̮rae̮n (od: de̮ra) vol̕sale̮, gorte̮}
164 1006 1026 1047 {lokte̮ — de̮rae̮n (od: de̮ra) vol̕sale̮. — l̕ampa.}
266 1067 1448 1107 {218. ve̮re̮ mune̮ — ńa̭ń-tupe̮ś ši̮blale̮, ve̮ri̮ś lokte̮ — ńa̭ń-tupe̮ś}
164 1127 510 1166 {ši̮blale̮. — kok-tui̭.}
267 1254 1450 1296 210. Peucht geht es hinein, trocken kommt es heraus. —
167 1315 935 1356 Das einbringen der garben in die riege.
269 1375 1449 1416 211. Viele bärtige männer kletterten auf den hügel, stützten
165 1435 1451 1474 sich auf eiserne stöcke, schützten sich unter einem zelt. — Die
165 1496 429 1536 getreidehocke.
271 1555 1450 1595 212. Im wasser wurde ich geboren, im feuer wuchs ich auf,
170 1615 1448 1655 meine mutter und meinen vater [d. h. das wasser] sah ich — [und]
168 1676 531 1709 starb. — Das salz.
271 1734 1452 1775 213. Schwankend kommt es, schlägt dich, schlägt mich, du
168 1794 1452 1835 stirbst, ich sterbe, du vertrocknest, ich vertrockne. — Die sense
172 1857 422 1889 und das heu.
274 1915 1452 1956 214. Quer über dem wasser liegt ein balken. — Der firstbalken.
275 1974 1454 2016 215. Es wandert und geht, semmeln lässt es fallen. — Die
168 2035 612 2076 fussspuren [im schnee].
274 2094 1456 2136 216. In den wald geht es — stickmuster zeichnet es, nach-
173 2154 1456 2195 hause kommt es — stickmuster zeichnet es. — Das gehen in bast-
172 2216 575 2256 schuhen [im schnee].
276 2274 1458 2316 217. In den wald geht es — breitet leinwand aus, nach-
173 2334 1397 2368 hause kommt es — breitet leinwand aus. — Der schneeschuh.
276 2395 1457 2436 218. In den waldgeht es — runde brote wirft es, aus dem walde
174 2455 1456 2495 kommtes — runde brote wirft es. — Die spuren des fusses [im schnee].
