1822 2966
900 270 1092 299 — 262 —
713 362 1125 395 {menśi̮m końe̮ruškae̮i̭li̮ś}
715 421 1180 463 {le₍d̕źis ni̮v i̮₍dži̮d ve̮l̕ae̮s!}
955 564 1022 592 1 c.
625 637 997 676 {me tai̭ talun t̕śḙt̕t̕śi,}
625 697 1056 738 {da vi₍d̕źe̮di da vi₍d̕źe̮di,}
627 758 1142 799 {abu tai̭ me ge̮ge̮r bergali̮śi̮s,}
624 817 1399 859 {jugi̮d šondie̮i̭, bat̕uškoe̮i̭ (od.: matuškae̮i̭),}
576 878 1109 919 {5. jurbite̮m jurnas sulali̮śi̮s!}
625 938 969 978 {vi̮t̕t̕śiśi da vit̕t̕śiśi,}
626 1000 1191 1039 {en tai̭ te me dine̮ vermi̮ lokni̮}
753 1059 1199 1092 {burśie̮mse̮ śetni̮s meni̮m.}
628 1119 1092 1153 {kodli̮ ne̮ me talun t̕śḙt̕t̕śi}
564 1179 1187 1221 {10. da mi₍t̕śa paś-ke̮mnas paśtaśi,}
630 1240 1097 1280 {i̮₍dži̮d burśie̮mnas sulali?}
626 1300 1167 1339 {me tai̭, końe̮ruškae̮i̭, dumai̭ti}
626 1422 1133 1461 liess er meine, der armen,
625 1481 1326 1523 grosse jungfernfreiheit [dahingehen]!
968 1614 1036 1643 1 c.
621 1680 1378 1719 An den verstorbenen vater (resp. mutter).
424 1757 1000 1796 Ich stand heute [morgen] auf
424 1817 922 1856 und schaute und schaute,
425 1877 1292 1917 da war um mich herum niemand geschäftig,
424 1936 1645 1977 nicht mein helles sönnchen, mein lieber vater (od.: meine liebe
1183 1999 1336 2037 mutter),
376 2056 1234 2097 5. niemand, der gesenkten hauptes dastand!
425 2117 906 2156 Ich wartete, ich wartete,
425 2176 1171 2216 du konntest ja nicht zu mir kommen,
425 2237 1114 2276 deinen grossen segen mir zu geben.
425 2296 1325 2329 Wem zu liebe stand ich denn dann heute auf
364 2357 1235 2398 10. und kleidete mich in das schöne gewand,.
425 2418 1184 2457 stand da mit grossen segenswünschen?
426 2477 1088 2518 Ich arme glaubte ja [ich täte es],
