1812 2947
912 253 1065 282 — 48 —
354 345 1642 387 {ruma onmovśe̮ma i ki̮vse̮ ńuže̮de̮ma. kuźńḙt̕ś ki̮vse̮ pe̮ś kl̕ešt̕śie̮n to-}
354 406 1094 447 {pe̮dis. bel̕a-ruma t̕śužji̮št̕śis da i kuli.}
976 540 1025 570 16.
832 614 1170 647 {rut̕ś da śoki̮r.}
459 699 1640 741 {olisni̮ vi̮lisni̮ rut̕ś da śoki̮r. naje̮ pudja̭śasni̮, kodni̮se̮ nat̕śki̮ni̮.}
352 760 1643 802 {śoki̮re̮s i nat̕śki̮ni̮. rut̕ś t̕śag-purte̮n vundas, vundas gol̕ase̮, oz i}
354 820 1641 861 {vundi̮ś, śoki̮r šuis: »mun že̮ te, vetli̮ jen orde̮ zudla!» rut̕ś munis.}
352 881 1642 922 {jenmi̮s šue̮: »menam zude̮s te̮li̮ś-e̮šte̮g oz vermi̮ nuni̮.» rut̕ś te̮li̮ś orde̮}
354 941 1642 983 {munis. te̮li̮śi̮s šue̮: »menam e̮ške̮i̭ šondi-pite̮g oz mun.» rut̕ś šondi}
353 1002 1642 1044 {orde̮ munis. šondii̮s sue̮: »menam tši̮g pii̮s. mun te, vetli̮ ke̮t̕ś orde̮}
352 1062 876 1104 {je̮vla.» rut̕ś munis da šuis:}
768 1140 1043 1181 {»ke̮₍t̕śe̮i̭, ke̮₍t̕śe̮i̭,}
767 1200 979 1241 {vai̭ te̮ je̮vte̮,}
352 1320 1639 1363 aus. Der schmied zwickte mit der heissen zange in seine zunge.
356 1381 1422 1415 Der »bel̕a-ruma» streckte die beine von sich und starb.
1297 1440 1538 1482 (Ust̕sysol̕sk.)
972 1523 1021 1551 16.
651 1594 1348 1627 Der fuchs und der wallach.
458 1680 1640 1713 Es war einmal ein fuchs und ein wallach. Sie werfen das
352 1740 1641 1780 los [darum], wer von ihnen beiden geschlachtet werden solle. Der
353 1800 1639 1840 wallach sollte geschlachtet werden. Der fuchs schneidet mit seinem
352 1859 1641 1900 kienspanmesser, schneidet [den wallach] in den hals, aber der
350 1919 1639 1960 geht nicht durch. Der wallach sagte: »Geh doch [und] reise zu
353 1979 1637 2021 Gott, um einen wetzstein zu holen.» Der fuchs ging von dannen.
352 2040 1639 2079 Gott sagt: »Meinen wetzstein kann man nicht ohne den ochsen
350 2100 1639 2140 des mondes fortschleppen.» Der fuchs ging zum mond. Der mond
350 2159 1639 2200 sagt: »Mein ochse geht nicht ohne den sohn der sonne». Der fuchs
350 2219 1638 2261 ging zur sonne. Die sonne sagt: »Mein sohn ist hungrig. Geh,
351 2279 1639 2321 reise zum hasen, um milch zu holen.» Der fuchs ging und sagte
350 2340 569 2372 zum hasen:
506 2409 1081 2448 »Mein häschen, mein häschen,
504 2469 1031 2509 gib doch von deiner milch,
