1796 2957
703 303 897 333 — 249 —
584 394 1018 428 {kit̕t̕śise̮ d̕źit̕ d̕źol̕ keris.}
523 455 978 496 {10. maša i petis, šui̭is:}
584 514 1011 556 {»ku₍tše̮m ńeveža voi̭is?»}
583 575 1022 613 {»maśa, maśa, vośti̮,}
584 634 919 673 {kie̮i̭ koke̮i̭ ki̮nmis,}
584 694 946 734 {li̮mje̮n kole̮ zi̮ralni̮,}
524 754 968 794 {15. as jur-śie̮n kose̮dni̮.»}
584 814 912 856 {kerkaas i pi̮risni̮,}
583 874 934 915 {džek vi̮le̮ pukśisni̮,}
585 934 998 975 {t̕śaje̮n kopje̮n juktalis.}
585 995 967 1033 {kre̮vai̭t̕as ke̮ vodisni̮,}
520 1054 1021 1095 {20. mašale̮n šogi̮s bośtis.}
584 1114 954 1156 {kit̕t̕śi vi̮las ke̮ petis,}
584 1174 945 1213 {e̮taras ke̮ vi₍d̕źe̮dlis:}
582 1233 972 1273 {śe̮d pemi̮d ve̮r ti̮dale̮,}
583 1291 990 1333 {me̮daras ke̮ vi₍d̕źe̮dlis:}
521 1352 902 1393 {25. t̕śiste̮ pol̕e̮ ti̮dale̮,}
228 1509 851 1550 da klopfte er an die treppentür.
164 1570 832 1613 10. Marie kam heraus [und] sagte:
227 1631 1097 1672 »Was für ein lumpenkerl ist da gekommen?»
228 1691 707 1730 »Marie, Marie, mach auf,
227 1750 1001 1789 meine hande, meine füsse sind erfroren,
228 1810 834 1846 mit schnee sollst du sie reiben,
166 1870 794 1903 15. mit deinen haaren trocknen.»
228 1930 784 1971 Und sie gingen in die hütte,
227 1990 747 2029 setzten sich auf einen sitz,
228 2050 1223 2091 mit thee und kaffee bewirtete [Marie den knaben].
228 2109 1054 2151 Als sie aber ins bett zum schlafen gingen,
164 2170 1250 2211 20. da wurde es Marie [nach einer weile] übel zu mute.
228 2230 946 2270 Als sie auf die vortreppe hinausging,
227 2291 848 2323 als sie nach einer seite schaute:
228 2350 942 2388 schwarzer finstrer wald ist zu sehen,
228 2409 969 2442 als sie nach der andern seite schaute:
165 2469 749 2508 25. weite felder sind zu sehen,
