1802 2953
919 252 1092 281 — S2 —
775 345 1055 385 {vośti̮ te̮, vośti̮!»}
775 408 927 439 etc. etc.
364 484 741 522 {bara ez vośti̮. šuis:}
776 563 1026 604 {»t̕śoje̮i̭, t̕śoje̮i̭,}
773 623 1051 663 {vośti̮ te̮, vośti̮!»}
775 686 927 717 etc. etc.
364 755 611 789 {bara ez vošti̮.}
774 824 1012 864 {»voke̮i̭, voke̮i̭,}
776 885 1052 925 {vośti̮ te̮, vośti̮!»}
774 948 926 979 etc. etc.
363 1037 812 1076 {voki̮s seśa petas vośti̮ni̮.}
464 1093 1644 1136 {seśa it̕ś-ińi̮s pos-vo₍d̕źi̮ś plakase̮ bośtale̮ma; e̮t̕t̕śi̮d sije̮ tuvt̕śis}
362 1154 1394 1197 {da kok-lapa vi̮vtii̮s ve̮ji, medi̮ś tuvt̕śis, da d̕źike̮d̕ź ve̮ji.}
619 1312 1154 1351 mach doch auf, mach auf!»
620 1375 771 1405 etc. etc.
464 1464 1647 1506 Wieder machte man nicht auf. [Da] sagte es [das mädchen]:
619 1560 1433 1597 »Mein schwesterchen, mein schwesterchen,
618 1620 1155 1659 mach doch auf, mach auf!»
619 1684 772 1714 etc, ete.
463 1765 1052 1799 Wieder machte man nicht auf
619 1860 1283 1898 »Mein brüderlein, mein brüderlein,
618 1919 1151 1957 mach doch auf, mach auf!»
619 1982 770 2012 etc. ete.
464 2073 1313 2115 Da geht der bruder hinaus und macht auf.
464 2132 1646 2173 Dann hatte die stiefmutter [einmal] aus der vorstubendiele
362 2192 1645 2233 [eigl. aus der vorstube] ein dielenbrett losgemacht; einmal trat sie
362 2252 1648 2294 [in die öffnung] und versank darin bis an die knöchel, ein ander-
358 2314 1105 2353 mal trat sie hinein und versank ganz.
1355 2363 1542 2404 (Vyl̕gort.)
