<?xml version="1.0" encoding="UTF-8" standalone="yes"?>
<PcGts xmlns="http://schema.primaresearch.org/PAGE/gts/pagecontent/2013-07-15" xmlns:xsi="http://www.w3.org/2001/XMLSchema-instance" xsi:schemaLocation="http://schema.primaresearch.org/PAGE/gts/pagecontent/2013-07-15 http://schema.primaresearch.org/PAGE/gts/pagecontent/2013-07-15/pagecontent.xsd">
    <Metadata>
        <Creator>prov=University of Rostock/Institute of Mathematics/CITlab|PLANET AI GmbH/Gundram Leifert/gundram.leifert@planet-ai.de:name=SUST_38-06(htr_id=25563)::::v=2.6.6
prov=University of Rostock/Institute of Mathematics/CITlab|PLANET AI GmbH/Tobias Gruening/tobias.gruening@planet-ai.de:name=de.uros.citlab.module.baseline2polygon.B2PSeamMultiOriented:v=2.6.6
prov=University of Rostock/Institute of Mathematics/CITlab|PLANET AI GmbH/Gundram Leifert/gundram.leifert@planet-ai.de:name=SUST_38-03(htr_id=25444)::::v=2.6.6
prov=University of Rostock/Institute of Mathematics/CITlab|PLANET AI GmbH/Tobias Gruening/tobias.gruening@planet-ai.de:name=de.uros.citlab.module.baseline2polygon.B2PSeamMultiOriented:v=2.6.6
Transkribus</Creator>
        <Created>2020-07-28T11:49:21.785+02:00</Created>
        <LastChange>2020-08-10T11:37:29.692+02:00</LastChange>
        <Comments>
                Measurement unit: pixel
                PrimaryLanguage: German
                Language: GermanStandard
                Language: Finnish
                Language: RussianOldSpelling
                Producer: Transkribus
            </Comments>
        <TranskribusMetadata docId="441749" pageId="17943221" pageNr="19" tsid="36499750" status="GT" userId="17326" imgUrl="https://files.transkribus.eu/Get?id=NISCQFEEUSBERUCCHWXSSFSX&amp;fileType=view" xmlUrl="https://files.transkribus.eu/Get?id=IWUNTWSHKAOUDOEEPGSQARMU" imageId="13587245"/>
    </Metadata>
    <Page imageFilename="SUST_38-0019.jpg" imageWidth="1824" imageHeight="2963">
        <PrintSpace>
            <Coords points="183,262 1483,262 1483,2521 183,2521"/>
        </PrintSpace>
        <ReadingOrder>
            <OrderedGroup id="ro_1607953377101" caption="Regions reading order">
                <RegionRefIndexed index="0" regionRef="r_1_1"/>
                <RegionRefIndexed index="1" regionRef="r_2_1"/>
                <RegionRefIndexed index="2" regionRef="r_2_2"/>
                <RegionRefIndexed index="3" regionRef="r_2_3"/>
                <RegionRefIndexed index="4" regionRef="r_2_4"/>
                <RegionRefIndexed index="5" regionRef="r_2_5"/>
                <RegionRefIndexed index="6" regionRef="r_3_1"/>
                <RegionRefIndexed index="7" regionRef="r_3_2"/>
                <RegionRefIndexed index="8" regionRef="r_3_3"/>
                <RegionRefIndexed index="9" regionRef="r_3_4"/>
                <RegionRefIndexed index="10" regionRef="r_3_5"/>
            </OrderedGroup>
        </ReadingOrder>
        <TextRegion type="paragraph" id="r_1_1" custom="readingOrder {index:0;}">
            <Coords points="756,267 908,267 908,298 756,298"/>
            <TextLine id="tl_1" primaryLanguage="German" custom="readingOrder {index:0;}">
                <Coords points="757,268 907,268 907,297 757,297"/>
                <Baseline points="757,288 800,288 840,297 907,288"/>
                <TextEquiv>
                    <Unicode>— 9 —</Unicode>
                </TextEquiv>
            </TextLine>
            <TextEquiv>
                <Unicode>— 9 —</Unicode>
            </TextEquiv>
        </TextRegion>
        <TextRegion type="paragraph" id="r_2_1" custom="readingOrder {index:1;}">
            <Coords points="189,359 1477,359 1477,645 189,645"/>
            <TextLine id="tl_2" primaryLanguage="German" custom="readingOrder {index:0;}">
                <Coords points="190,360 1472,360 1472,402 190,402"/>
                <Baseline points="190,392 316,392 493,392 670,395 785,392 945,392 1047,392 1158,392 1324,394 1472,393"/>
                <TextEquiv>
                    <Unicode>{vi̮śtalɛ: »petkedli̮ sumkatɛ. bara ku₍t̕śam burā ōni̮!» muži·k viśtalɛ:}</Unicode>
                </TextEquiv>
                <TextStyle fontFamily="Times New Roman" fontSize="8.5" bold="true" italic="true"/>
            </TextLine>
            <TextLine id="tl_3" primaryLanguage="German" custom="readingOrder {index:1;}">
                <Coords points="192,420 1476,420 1476,461 192,461"/>
                <Baseline points="192,453 204,453 223,453 441,453 582,453 648,454 786,453 853,452 935,460 991,453 1113,452 1212,452 1244,453 1371,454 1476,452"/>
                <TextEquiv>
                    <Unicode>{»olan te̮demen tai̭en!» »a mi̮i̭?!» »a vot, mi̮i̭! on emi̮i̭ tè̮d, kùź mḙnɛ}</Unicode>
                </TextEquiv>
            </TextLine>
            <TextLine id="tl_4" primaryLanguage="English" custom="readingOrder {index:2;}">
                <Coords points="190,481 1475,481 1475,523 190,523"/>
                <Baseline points="190,514 209,514 393,512 506,512 648,514 759,514 816,514 885,513 950,513 1091,513 1126,513 1341,514 1371,513 1475,513"/>
                <TextEquiv>
                    <Unicode>{viis! t̕śistɛ rožaɛ pi̮kti!» baba òz verit a viśtalɛ: »sumkaɛ, vai̭ śoi̭ni̮!»}</Unicode>
                </TextEquiv>
            </TextLine>
            <TextLine id="tl_5" primaryLanguage="German" custom="readingOrder {index:3;}">
                <Coords points="192,542 1475,542 1475,581 192,581"/>
                <Baseline points="192,575 269,575 448,575 568,575 713,574 778,574 912,573 994,574 1109,574 1260,574 1374,574 1475,574"/>
                <TextEquiv>
                    <Unicode>{bara sumkai̮ś me̮let t̕śḙt̕t̕śis da babasɛ set̕t̕śe̮d̕ź viis, med be̮rin e̮dva}</Unicode>
                </TextEquiv>
            </TextLine>
            <TextLine id="tl_6" primaryLanguage="German" custom="readingOrder {index:4;}">
                <Coords points="192,603 364,603 364,644 192,644"/>
                <Baseline points="192,637 257,635 364,636"/>
                <TextEquiv>
                    <Unicode>{lōja loi̭is.}</Unicode>
                </TextEquiv>
                <TextStyle fontFamily="Times New Roman" fontSize="8.5" bold="true" italic="true"/>
            </TextLine>
            <TextEquiv>
                <Unicode>{vi̮śtalɛ: »petkedli̮ sumkatɛ. bara ku₍t̕śam burā ōni̮!» muži·k viśtalɛ:}
{»olan te̮demen tai̭en!» »a mi̮i̭?!» »a vot, mi̮i̭! on emi̮i̭ tè̮d, kùź mḙnɛ}
{viis! t̕śistɛ rožaɛ pi̮kti!» baba òz verit a viśtalɛ: »sumkaɛ, vai̭ śoi̭ni̮!»}
{bara sumkai̮ś me̮let t̕śḙt̕t̕śis da babasɛ set̕t̕śe̮d̕ź viis, med be̮rin e̮dva}
{lōja loi̭is.}</Unicode>
            </TextEquiv>
        </TextRegion>
        <TextRegion type="paragraph" id="r_2_2" custom="readingOrder {index:2;}">
            <Coords points="189,662 1475,662 1475,884 189,884"/>
            <TextLine id="tl_7" primaryLanguage="German" custom="readingOrder {index:0;}">
                <Coords points="294,663 1473,663 1473,704 294,704"/>
                <Baseline points="294,696 371,695 574,695 653,695 689,695 797,695 911,695 1019,695 1148,695 1341,695 1473,703"/>
                <TextEquiv>
                    <Unicode>{e₍tša ne̮re̮vitisni̮s a i bara vo̭i̭is kum ńè̮bni̮ sumkasɛ: »vuzō,}</Unicode>
                </TextEquiv>
            </TextLine>
            <TextLine id="tl_8" primaryLanguage="German" custom="readingOrder {index:1;}">
                <Coords points="192,723 1474,723 1474,762 192,762"/>
                <Baseline points="192,756 279,762 385,755 547,755 695,762 742,754 867,754 970,755 1088,754 1184,755 1282,754 1420,755 1474,754"/>
                <TextEquiv>
                    <Unicode>{kum, sumkatɛ!» »mi̮l̕a og vuzō! vai̭ vit me̮s!» si̮a śḙtis sumka, a}</Unicode>
                </TextEquiv>
            </TextLine>
            <TextLine id="tl_9" primaryLanguage="German" custom="readingOrder {index:2;}">
                <Coords points="192,783 1474,783 1474,822 192,822"/>
                <Baseline points="192,815 236,816 331,815 472,815 537,815 659,815 732,822 794,815 934,814 1164,822 1222,814 1308,814 1474,814"/>
                <TextEquiv>
                    <Unicode>{vit me̮s bośtis. kum muni, viśtalɛ: »vai̭, sumkaɛ, śoi̭ni̮!» t̕śḙt̕t̕śis}</Unicode>
                </TextEquiv>
            </TextLine>
            <TextLine id="tl_10" primaryLanguage="German" custom="readingOrder {index:3;}">
                <Coords points="190,842 949,842 949,883 190,883"/>
                <Baseline points="190,876 282,875 344,875 381,875 421,874 568,875 727,875 826,874 879,875 949,874"/>
                <TextEquiv>
                    <Unicode>{me̮let da i vai̭ vini̮! kūted̕ź e₍tša ìz vi!}</Unicode>
                </TextEquiv>
            </TextLine>
            <TextEquiv>
                <Unicode>{e₍tša ne̮re̮vitisni̮s a i bara vo̭i̭is kum ńè̮bni̮ sumkasɛ: »vuzō,}
{kum, sumkatɛ!» »mi̮l̕a og vuzō! vai̭ vit me̮s!» si̮a śḙtis sumka, a}
{vit me̮s bośtis. kum muni, viśtalɛ: »vai̭, sumkaɛ, śoi̭ni̮!» t̕śḙt̕t̕śis}
{me̮let da i vai̭ vini̮! kūted̕ź e₍tša ìz vi!}</Unicode>
            </TextEquiv>
        </TextRegion>
        <TextRegion type="paragraph" id="r_2_3" custom="readingOrder {index:3;}">
            <Coords points="820,967 849,967 849,997 820,997"/>
            <TextLine id="tl_11" primaryLanguage="German" custom="readingOrder {index:0;}">
                <Coords points="821,968 848,968 848,996 821,996"/>
                <Baseline points="821,995 839,995 848,996"/>
                <TextEquiv>
                    <Unicode>4.</Unicode>
                </TextEquiv>
            </TextLine>
            <TextEquiv>
                <Unicode>4.</Unicode>
            </TextEquiv>
        </TextRegion>
        <TextRegion type="paragraph" id="r_2_4" custom="readingOrder {index:4;}">
            <Coords points="587,1033 1078,1033 1078,1076 587,1076"/>
            <TextLine id="tl_12" primaryLanguage="German" custom="readingOrder {index:0;}">
                <Coords points="588,1034 1077,1034 1077,1075 588,1075"/>
                <Baseline points="588,1066 681,1064 805,1066 885,1066 1077,1066"/>
                <TextEquiv>
                    <Unicode>{tsaŕ petr da muži·k}</Unicode>
                </TextEquiv>
                <TextStyle fontFamily="Times New Roman" fontSize="8.5" bold="true" italic="true"/>
            </TextLine>
            <TextEquiv>
                <Unicode>{tsaŕ petr da muži·k}</Unicode>
            </TextEquiv>
        </TextRegion>
        <TextRegion type="paragraph" id="r_2_5" custom="readingOrder {index:5;}">
            <Coords points="192,1112 1475,1112 1475,1217 192,1217"/>
            <TextLine id="tl_13" primaryLanguage="German" custom="readingOrder {index:0;}">
                <Coords points="294,1113 1472,1113 1472,1156 294,1156"/>
                <Baseline points="294,1147 375,1146 486,1146 529,1147 642,1155 865,1146 964,1144 1042,1153 1111,1144 1257,1145 1336,1144 1472,1144"/>
                <TextEquiv>
                    <Unicode>{e̮tpi̮r vo̭i̭is tsaŕ petr muži·k dorɛ jagɛ, a muži·k pḙs keralɛ.}</Unicode>
                </TextEquiv>
            </TextLine>
            <TextLine id="tl_14" primaryLanguage="German" custom="readingOrder {index:1;}">
                <Coords points="193,1173 1474,1173 1474,1216 193,1216"/>
                <Baseline points="193,1208 260,1207 296,1208 448,1207 552,1215 721,1206 791,1206 939,1205 1086,1205 1147,1205 1200,1205 1352,1204 1474,1202"/>
                <TextEquiv>
                    <Unicode>{tsaŕ i viśtalɛ: »box pomot̕ś!», a muži·k viśtalɛ: »i to mḙnum ko̭lɛ!»}</Unicode>
                </TextEquiv>
            </TextLine>
            <TextEquiv>
                <Unicode>{e̮tpi̮r vo̭i̭is tsaŕ petr muži·k dorɛ jagɛ, a muži·k pḙs keralɛ.}
{tsaŕ i viśtalɛ: »box pomot̕ś!», a muži·k viśtalɛ: »i to mḙnum ko̭lɛ!»}</Unicode>
            </TextEquiv>
        </TextRegion>
        <TextRegion type="paragraph" id="r_3_1" custom="readingOrder {index:6;}">
            <Coords points="191,1293 1475,1293 1475,1809 191,1809"/>
            <TextLine id="tl_15" primaryLanguage="German" custom="readingOrder {index:0;}">
                <Coords points="192,1294 1474,1294 1474,1334 192,1334"/>
                <Baseline points="192,1327 323,1334 442,1326 705,1326 817,1326 951,1325 1063,1325 1219,1325 1363,1324 1474,1325"/>
                <TextEquiv>
                    <Unicode>bracht, mein männchen?» Der mann sagt: »Einen ranzen habe</Unicode>
                </TextEquiv>
                <TextStyle fontFamily="Times New Roman" fontSize="9.5"/>
            </TextLine>
            <TextLine id="tl_16" primaryLanguage="German" custom="readingOrder {index:1;}">
                <Coords points="192,1353 1474,1353 1474,1395 192,1395"/>
                <Baseline points="192,1387 245,1387 456,1384 560,1387 652,1387 763,1385 908,1393 1048,1384 1194,1384 1347,1384 1474,1378"/>
                <TextEquiv>
                    <Unicode>ich gebracht.» Die alte sagt: »Krieg deinen ranzen hervor. Wie-</Unicode>
                </TextEquiv>
                <TextStyle fontFamily="Times New Roman" fontSize="9.5"/>
            </TextLine>
            <TextLine id="tl_17" primaryLanguage="German" custom="readingOrder {index:2;}">
                <Coords points="193,1413 1474,1413 1474,1455 193,1455"/>
                <Baseline points="193,1448 309,1446 462,1445 553,1446 622,1445 706,1445 770,1445 922,1443 1033,1444 1158,1444 1272,1445 1374,1444 1474,1444"/>
                <TextEquiv>
                    <Unicode>derum fangen wir an gut zu leben!» Der mann sagt: »Mit dem</Unicode>
                </TextEquiv>
                <TextStyle fontFamily="Times New Roman" fontSize="9.5"/>
            </TextLine>
            <TextLine id="tl_18" primaryLanguage="German" custom="readingOrder {index:3;}">
                <Coords points="192,1473 1474,1473 1474,1514 192,1514"/>
                <Baseline points="192,1507 279,1507 347,1507 573,1514 825,1504 1025,1502 1159,1504 1250,1511 1387,1504 1474,1504"/>
                <TextEquiv>
                    <Unicode>lebst du [allerdings] vernünftig!» »Wieso?» »Pass auf, wieso! Du</Unicode>
                </TextEquiv>
                <TextStyle fontFamily="Times New Roman" fontSize="9.5"/>
            </TextLine>
            <TextLine id="tl_19" primaryLanguage="German" custom="readingOrder {index:4;}">
                <Coords points="193,1533 1474,1533 1474,1573 193,1573"/>
                <Baseline points="193,1568 303,1567 502,1567 639,1573 727,1565 794,1565 910,1565 1105,1564 1205,1565 1338,1564 1474,1555"/>
                <TextEquiv>
                    <Unicode>weisst vielleicht nicht, wie er mich geprügelt hat! Dick aufge-</Unicode>
                </TextEquiv>
                <TextStyle fontFamily="Times New Roman" fontSize="9.5"/>
            </TextLine>
            <TextLine id="tl_20" primaryLanguage="German" custom="readingOrder {index:5;}">
                <Coords points="193,1593 1474,1593 1474,1635 193,1635"/>
                <Baseline points="193,1628 369,1627 447,1627 569,1626 763,1623 868,1626 966,1625 1117,1624 1178,1625 1305,1630 1474,1624"/>
                <TextEquiv>
                    <Unicode>schwollen ist mein gesicht!» Die alte glaubt es nicht, sondern</Unicode>
                </TextEquiv>
                <TextStyle fontFamily="Times New Roman" fontSize="9.5"/>
            </TextLine>
            <TextLine id="tl_21" primaryLanguage="German" custom="readingOrder {index:6;}">
                <Coords points="193,1654 1474,1654 1474,1696 193,1696"/>
                <Baseline points="193,1688 282,1688 408,1687 565,1693 644,1686 756,1693 910,1685 1074,1684 1218,1693 1300,1685 1474,1685"/>
                <TextEquiv>
                    <Unicode>sagt: »Mein ranzen, gib [mir] essen!» Wieder sprang der hammer</Unicode>
                </TextEquiv>
                <TextStyle fontFamily="Times New Roman" fontSize="9.5"/>
            </TextLine>
            <TextLine id="tl_22" primaryLanguage="German" custom="readingOrder {index:7;}">
                <Coords points="193,1715 1474,1715 1474,1754 193,1754"/>
                <Baseline points="193,1749 253,1748 352,1748 498,1748 641,1747 734,1747 872,1754 948,1746 1039,1746 1109,1752 1211,1746 1280,1746 1474,1745"/>
                <TextEquiv>
                    <Unicode>aus dem ranzen heraus und schlug die alte so, dass sie hinterher</Unicode>
                </TextEquiv>
                <TextStyle fontFamily="Times New Roman" fontSize="9.5"/>
            </TextLine>
            <TextLine id="tl_23" primaryLanguage="German" custom="readingOrder {index:8;}">
                <Coords points="192,1776 892,1776 892,1808 192,1808"/>
                <Baseline points="192,1808 296,1807 440,1808 539,1807 780,1807 892,1806"/>
                <TextEquiv>
                    <Unicode>kaum wieder zum bewusstsein kam.</Unicode>
                </TextEquiv>
                <TextStyle fontFamily="Times New Roman" fontSize="9.5"/>
            </TextLine>
            <TextEquiv>
                <Unicode>bracht, mein männchen?» Der mann sagt: »Einen ranzen habe
ich gebracht.» Die alte sagt: »Krieg deinen ranzen hervor. Wie-
derum fangen wir an gut zu leben!» Der mann sagt: »Mit dem
lebst du [allerdings] vernünftig!» »Wieso?» »Pass auf, wieso! Du
weisst vielleicht nicht, wie er mich geprügelt hat! Dick aufge-
schwollen ist mein gesicht!» Die alte glaubt es nicht, sondern
sagt: »Mein ranzen, gib [mir] essen!» Wieder sprang der hammer
aus dem ranzen heraus und schlug die alte so, dass sie hinterher
kaum wieder zum bewusstsein kam.</Unicode>
            </TextEquiv>
        </TextRegion>
        <TextRegion type="paragraph" id="r_3_2" custom="readingOrder {index:7;}">
            <Coords points="191,1834 1476,1834 1476,2237 191,2237"/>
            <TextLine id="tl_24" primaryLanguage="German" custom="readingOrder {index:0;}">
                <Coords points="298,1835 1472,1835 1472,1875 298,1875"/>
                <Baseline points="298,1867 379,1868 509,1869 597,1868 783,1867 864,1873 959,1867 1104,1866 1206,1867 1288,1866 1472,1872"/>
                <TextEquiv>
                    <Unicode>Eine kurze zeit warteten sie, und wieder kam der gevatter,</Unicode>
                </TextEquiv>
                <TextStyle fontFamily="Times New Roman" fontSize="9.5"/>
            </TextLine>
            <TextLine id="tl_25" primaryLanguage="German" custom="readingOrder {index:1;}">
                <Coords points="192,1894 1473,1894 1473,1936 192,1936"/>
                <Baseline points="192,1927 250,1927 338,1928 482,1927 547,1927 714,1927 920,1926 1050,1932 1238,1933 1382,1926 1473,1919"/>
                <TextEquiv>
                    <Unicode>um den ranzen zu kaufen: »Verkaufe [mir], gevatter, deinen ran-</Unicode>
                </TextEquiv>
                <TextStyle fontFamily="Times New Roman" fontSize="9.5"/>
            </TextLine>
            <TextLine id="tl_26" primaryLanguage="German" custom="readingOrder {index:2;}">
                <Coords points="193,1954 1474,1954 1474,1995 193,1995"/>
                <Baseline points="193,1987 287,1984 482,1987 614,1987 699,1987 788,1987 914,1987 1143,1986 1259,1985 1373,1993 1474,1985"/>
                <TextEquiv>
                    <Unicode>zen!» »Warum sollte ich ihn nicht verkaufen! Gib [mir] fünf</Unicode>
                </TextEquiv>
                <TextStyle fontFamily="Times New Roman" fontSize="9.5"/>
            </TextLine>
            <TextLine id="tl_27" primaryLanguage="German" custom="readingOrder {index:3;}">
                <Coords points="193,2014 1475,2014 1475,2056 193,2056"/>
                <Baseline points="193,2048 313,2047 404,2047 500,2046 599,2047 752,2047 842,2047 939,2047 1064,2046 1140,2045 1239,2045 1360,2046 1475,2046"/>
                <TextEquiv>
                    <Unicode>kühe!» Er gab den ranzen hin und nahm die fünf kühe. Der</Unicode>
                </TextEquiv>
                <TextStyle fontFamily="Times New Roman" fontSize="9.5"/>
            </TextLine>
            <TextLine id="tl_28" primaryLanguage="German" custom="readingOrder {index:4;}">
                <Coords points="194,2075 1474,2075 1474,2117 194,2117"/>
                <Baseline points="194,2116 347,2107 456,2115 515,2108 630,2108 732,2107 860,2113 973,2107 1123,2113 1266,2105 1365,2107 1474,2096"/>
                <TextEquiv>
                    <Unicode>gevatter ging, er sagt: »Gib [mir], mein ranzen, essen!» Der ham-</Unicode>
                </TextEquiv>
                <TextStyle fontFamily="Times New Roman" fontSize="9.5"/>
            </TextLine>
            <TextLine id="tl_29" primaryLanguage="German" custom="readingOrder {index:5;}">
                <Coords points="194,2134 1475,2134 1475,2176 194,2176"/>
                <Baseline points="194,2168 264,2168 404,2168 558,2173 650,2167 735,2167 817,2167 880,2166 1041,2166 1195,2166 1299,2165 1374,2166 1475,2166"/>
                <TextEquiv>
                    <Unicode>mer hüpfte heraus, und wie der zu prügeln anfing! Um ein haar</Unicode>
                </TextEquiv>
                <TextStyle fontFamily="Times New Roman" fontSize="9.5"/>
            </TextLine>
            <TextLine id="tl_30" primaryLanguage="German" custom="readingOrder {index:6;}">
                <Coords points="194,2196 717,2196 717,2236 194,2236"/>
                <Baseline points="194,2228 289,2229 347,2228 426,2228 717,2227"/>
                <TextEquiv>
                    <Unicode>hätte er ihn totgeschlagen!</Unicode>
                </TextEquiv>
                <TextStyle fontFamily="Times New Roman" fontSize="9.5"/>
            </TextLine>
            <TextEquiv>
                <Unicode>Eine kurze zeit warteten sie, und wieder kam der gevatter,
um den ranzen zu kaufen: »Verkaufe [mir], gevatter, deinen ran-
zen!» »Warum sollte ich ihn nicht verkaufen! Gib [mir] fünf
kühe!» Er gab den ranzen hin und nahm die fünf kühe. Der
gevatter ging, er sagt: »Gib [mir], mein ranzen, essen!» Der ham-
mer hüpfte heraus, und wie der zu prügeln anfing! Um ein haar
hätte er ihn totgeschlagen!</Unicode>
            </TextEquiv>
        </TextRegion>
        <TextRegion type="paragraph" id="r_3_3" custom="readingOrder {index:8;}">
            <Coords points="817,2267 848,2267 848,2298 817,2298"/>
            <TextLine id="tl_31" primaryLanguage="German" custom="readingOrder {index:0;}">
                <Coords points="818,2268 847,2268 847,2297 818,2297"/>
                <Baseline points="818,2296 837,2296 847,2297"/>
                <TextEquiv>
                    <Unicode>4.</Unicode>
                </TextEquiv>
            </TextLine>
            <TextEquiv>
                <Unicode>4.</Unicode>
            </TextEquiv>
        </TextRegion>
        <TextRegion type="paragraph" id="r_3_4" custom="readingOrder {index:9;}">
            <Coords points="509,2334 1156,2334 1156,2368 509,2368"/>
            <TextLine id="tl_32" primaryLanguage="German" custom="readingOrder {index:0;}">
                <Coords points="510,2335 1155,2335 1155,2367 510,2367"/>
                <Baseline points="510,2366 534,2366 753,2366 869,2366 978,2366 1155,2366"/>
                <TextEquiv>
                    <Unicode>Zar Peter und der bauer.</Unicode>
                </TextEquiv>
            </TextLine>
            <TextEquiv>
                <Unicode>Zar Peter und der bauer.</Unicode>
            </TextEquiv>
        </TextRegion>
        <TextRegion type="paragraph" id="r_3_5" custom="readingOrder {index:10;}">
            <Coords points="191,2412 1477,2412 1477,2515 191,2515"/>
            <TextLine id="tl_33" primaryLanguage="German" custom="readingOrder {index:0;}">
                <Coords points="296,2413 1476,2413 1476,2452 296,2452"/>
                <Baseline points="296,2446 360,2445 486,2445 592,2445 737,2445 801,2445 932,2445 1059,2445 1126,2444 1266,2452 1349,2444 1476,2444"/>
                <TextEquiv>
                    <Unicode>Zar Peter kam einmal zu einem bauer im walde, der bauer</Unicode>
                </TextEquiv>
                <TextStyle fontFamily="Times New Roman" fontSize="9.5"/>
            </TextLine>
            <TextLine id="tl_34" primaryLanguage="German" custom="readingOrder {index:1;}">
                <Coords points="192,2474 1475,2474 1475,2514 192,2514"/>
                <Baseline points="192,2505 276,2506 384,2506 488,2505 567,2505 679,2506 792,2505 941,2512 1025,2505 1152,2505 1248,2505 1366,2506 1475,2505"/>
                <TextEquiv>
                    <Unicode>haut holz. Der zar sagt: »Hilf Gott!», der bauer sagt aber: »Das</Unicode>
                </TextEquiv>
                <TextStyle fontFamily="Times New Roman" fontSize="9.5"/>
            </TextLine>
            <TextEquiv>
                <Unicode>Zar Peter kam einmal zu einem bauer im walde, der bauer
haut holz. Der zar sagt: »Hilf Gott!», der bauer sagt aber: »Das</Unicode>
            </TextEquiv>
        </TextRegion>
        <SeparatorRegion id="r_4" custom="readingOrder {index:11;}">
            <Coords points="1024,1244 1215,1244 1215,1247 1024,1247"/>
        </SeparatorRegion>
    </Page>
</PcGts>
