1819 2962
942 274 1112 302 — S4 —
384 367 1675 409 {seśśa loktas nale̮n pii̮s. sije̮ juale̮: »mi̮ji̮ś ne̮ ti be̮rdad stavni̮d?»}
384 428 1671 470 {naje̮ viśtale̮ni̮: »vedrai̮s uśi vaas, da sije̮ i be̮rdam». »je̮i̭jas, je̮i̭jas,}
385 488 1373 530 {si̮ ponda i be̮rdad! me tijan kod̕ je̮zse̮ korśni̮ vetla!»}
487 549 1673 591 {munas da munas sije̮: i̮li̮śa̭ń ad̕d̕źe̮ e̮t̕i starik gozja e̮šse̮ pi̮vśan}
385 609 1673 651 {vi̮las lepte̮ni̮. sije̮ na dine̮ munas da i šuas: »mi̮i̭ že̮ ti tan kerad?»}
384 669 1670 711 {naje̮ viśtale̮ni̮: »mi e̮šni̮me̮s leptam pi̮vśan vi̮las jirśi̮ni̮». sije̮ šuas:}
384 731 1673 772 {»śo šai̭t ke̮ śetad, i me lepti̮la jire̮dni̮d». si̮li̮ śetasni̮ śo śai̭t. sije̮}
384 791 1673 834 {kai̭las pi̮vśan vi̮las, turunse̮ ńetškas i śetas e̮ški̮sli̮. naje̮ šuisni̮: »te}
385 852 1673 895 {tai̭ zev te̮lka! mijanke̮d olam!» »me og! me muna tijan kod̕ je̮zse̮}
385 913 1672 955 {korśni̮!» seśśa vo₍d̕źe̮ munas da munas; vi₍d̕źe̮de̮ da ad̕d̕źe̮: e̮t̕i d̕a̭d̕e̮}
384 974 1672 1016 {kerkaśi̮s petale̮ da pi̮rale̮ požje̮n. sije̮ juale̮: »mi̮i̭ ne̮ te, d̕a̭d̕e̮, keran?»}
384 1035 1671 1076 {»me tši̮n požje̮n petke̮dla.» zon śere̮ktas i šuas: »mem-ke̮ śetan śo}
383 1096 1672 1138 {šai̭t, me ted struba ve̮₍t̕śa». d̕a̭d̕e̮ šue̮: »śeta, ve̮t̕ś!» zon ve̮₍t̕śas. seśśa}
384 1226 1672 1267 ihr sohn herzu. Er fragt: »Warum weint ihr denn alle?» Sie
385 1285 1672 1328 sagen: »Der eimer ist ins wasser gefallen, und darum weinen wir.»
384 1346 1764 1388 »Ach, ihr dummköpfe, und deshalb weint ihr! Ich gehe hin um …
382 1408 1671 1448 menschen zu suchen, die [in der dummheit] euresgleichen sind!»
486 1467 1669 1501 Ohne einzuhalten wandert er: in der ferne sieht er einen
384 1528 1669 1566 mann und eine frau, die einen ochsen auf das badestubendach zu
382 1587 1671 1629 heben suchen. Er geht zu ihnen hin und sagt: »Was macht ihr
383 1648 1668 1689 denn hier?» Sie sagen: »Wir heben unseren ochsen auf das dach
383 1706 1665 1748 der badestube, damit er dort weide.» Er sagt: »Wenn ihr [mir]
381 1766 1668 1808 hundert rubel gebt, so hebe ich [ihn], damit er dort weide.» Sie
382 1827 1671 1867 geben ihm hundert rubel. Er klettert auf das dach der bade-
382 1887 1670 1928 stube, zupft das gras ab und gibt es dem ochsen. Sie sagten: »Du
383 1946 1670 1986 bist ja sehr erfinderisch! Bleib bei uns wohnen! [eig.: Leben wir
382 2007 1665 2048 zusammen!!» »Nichts da! Ich gehe [weiter] um solche [dummen]
381 2066 1668 2106 menschen zu suchen wie ihr!» Dann wandert er immer weiter;
382 2126 1668 2168 er blickt um sich und gewahrt, wie da ein mann immerfort aus
381 2186 1669 2228 seiner hütte heraus geht und [wieder] hinein zurückkehrt, in der
381 2247 1668 2288 hand ein sieb. Er fragt: »Was machst du denn, onkelchen?» »lch
381 2306 1667 2347 trage in dem siebe rauch hinaus.» Der knabe lacht auf und sagt:
381 2366 1666 2408 »Wenn du mir hundert rubel gibst, so mache ich dir einen
381 2426 1668 2468 schornstein.» Der mann sagt: »lch gebe [sie dir], mache [ihn nur]!»
385 2487 1667 2528 Der knabe macht [ihn]. Dann geht er weiter. Er wandert und
