1833 2957
763 272 913 299 — 7 —
192 361 1477 405 {jualɛ: »mi̮i̭ vajin sumka?» »a vot mi̮i̭, babaɛ! etaja se₍tše·m sumkai̮s.}
194 422 1479 464 {vi̮śtalan-kɛ: 'sumkaɛ, vaj̭ mḙn śoi̭ni̮!' mimɛ i bi̮dsen loɛ pi̮zan vi̮li̮n}
194 483 1479 525 {mi̮i̭ śḙlemi̮dli̮ ko̭lɛ.» baba bośtis vedra da i muni vala i ku₍t̕śis o̭š-}
193 544 1478 586 {ji̮śni̮ bi̮denli̮. kumi̮s si̮li̮ viśtalɛ: »mḙ vo̭a voskreśḙńńa e̮bedai̭tni̮!»}
194 605 1478 647 {kum i vo̭i̭is ni̮ o̭rdɛ gost̕i. pukśedisni̮s pi̮zan sajɛ, a pi̮zan vi̮li̮n}
192 665 1476 707 {ńi-ńem abu. kum d̕ivui̭t̕t̕śɛ: »ku₍tšem etaja prit̕t̕śa! mi̮jen kut̕śasni̮s}
192 726 1474 767 {vḙrdni̮?» a xaźa·in bośtis sumka da i puktis pi̮zan vi̮lɛ i viśtalis:}
192 786 1476 828 {»sumkaɛ, sumkaɛ, vai̭ śoi̭ni̮!» drug pi̮zan vi̮lɛ bi̮dsen loi̭i mi̮i̭ ko̭li}
191 846 1476 888 {śe̮lemni̮sli̮: do̭na vinajas i bi̮d-śama śojani̮s. śojisni̮s, śojisni̮s da}
193 907 1474 948 {ìz vḙrmi̮ni̮s bi̮redni̮. muni kum gòrtɛ i viśtalɛ babai̮sli̮: »vot, babaɛ,}
192 968 1473 1008 {ku₍tšem sumkai̮s!» »a mi̮i̭ si̮a se₍tše·m sumkai̮s?» »mi̮i̭?! da vot mi̮i̭:}
190 1027 1474 1069 {pukśedisni̮s mḙnɛ śoi̭ni̮ pi̮zan sajɛ, bośtis sumka da i viśtalɛ: 'sum-}
192 1088 1473 1129 {kaɛ, vai̭ śoi̭ni̮!' i bi̮d-śama buri̮s loi̭i pi̮zan vi̮lɛ. on vḙrmi̮ bi̮redni̮!}
190 1148 1474 1189 {ki̮ś sii̭ɛ bośtis! muna juala!» muni da i jualis kumli̮ś: »ki̮ś tḙ vajin}
190 1269 1472 1310 len: »Schau, was ich mitgebracht habe!» Die frau fragt: »Warum
191 1328 1472 1370 hast du einen ranzen gebracht?» »Pass auf, weshalb, mein frau-
189 1389 1472 1430 chen! Dies ist solch ein ranzen, dass, wenn du sagst: 'Mein ran-
190 1448 1470 1490 zen, gib mir essen!' sofort auf deinen tisch kommt, was dein
189 1509 1471 1550 herz begehrt.» Die frau nahm einen eimer und ging hin, um was-
190 1569 1472 1609 ser zu holen, und begann vor allen zu prahlen. Ihr gevatter
189 1629 1472 1671 sagt zu ihr: »lch komme am sonntag zum mittagessen!» Der
188 1688 1469 1730 gevatter kam denn auch zu ihnen auf besuch. Sie setzen ihn
189 1749 1471 1789 hinter den tisch, auf dem tisch aber war nichts. Der gevatter
188 1809 1468 1850 verwundert sich: »Was für eine seltsame geschichte ist das doch!
189 1869 1469 1911 Womit gedenken sie mich zu bewirten?» Der hausherr aber nahm
189 1929 1468 1970 den ranzen und stellte ihn auf den tisch und sagte: »Mein ranzen,
187 1989 1469 2032 mein ranzen, gib [uns] essen!» Plötzlich kam auf den tisch, was
187 2049 1468 2091 das herz begehrte: teuere weine und allerhand essen. Sie assen
187 2110 1469 2150 und assen und konnten es nicht aufessen. Der gevatter ging nach-
188 2170 1468 2211 hause und sagt zu seiner frau: »Sieh an, mein frauchen, welch ein
187 2230 1469 2269 ranzen!» »Nun, was für ein ranzen ist es denn nun?» »Was für
187 2290 1469 2329 einer! Pass auf, was für einer: sie setzten mich zum essen hinter
186 2350 1464 2391 den tisch, er nahm den ranzen und sagt: 'Mein ranzen, gib [uns]
187 2411 1467 2452 essen!' und allerlei gutes kam auf den tisch. Wir konnten es
184 2470 1466 2511 nicht aufessen! Wo hat er ihn wohl hergekriegt! Ich gehe hin
