1801 2947
699 268 824 297 – 177
278 361 752 400 {9. l̕uśka·te̮ pel̕ad on nu}
258 419 920 462 {10. sija kos pu jili̮ś turi viśta·las.}
259 481 815 522 11. tšutšku·e̮ pe̮t, vi̮li̮se̮ tše̮k.}
258 541 1152 581 {12. veśke̮ rad gi̮rd̕źi·mte̮ kurt̕t̕śan, da on sud̕ź.}
658 680 930 720 2. Vyčegda.
551 751 1048 791 (Ust̕sysol̕sk und Vyl̕gort.)
261 837 714 870 {13. as u₍dži̮ś on mud̕ź,}
258 897 1045 939 {14. beda mort vi̮vti mune̮, a oz pu vi̮vti.}
258 958 930 998 {15. bi̮d tor źepte̮ oz šogmi̮ pukti̮ni̮.}
256 1016 766 1058 {16. bi̮d tor vi̮le̮ mort tuja.}
257 1077 1060 1118 {17. bord t̕śege̮m be̮rti (od: be̮rt̕i) on lebźi̮.}
255 1136 1130 1178 {18. donte̮m t̕śerile̮n kiźe̮r (od: kiźer) jukvai̮s.}
256 1196 924 1237 {19. en śerav, pińśi̮d je₍dži̮d on lo!}
254 1256 667 1297 {20. e̮t̕ik ge̮n, da paś}
254 1317 930 1356 {21. e̮t̕i me̮s sitale̮ da stavi̮s l̕akśas.}
254 1437 1434 1478 9. Den löffel steckst du nicht ins ohr [d. h. der löffel findet
153 1498 692 1538 stets den weg zum munde].
258 1557 1435 1590 10. Er erzählt von einem im dürren baume sitzenden kra-
152 1618 1297 1658 nich [d. h. er schwatzt unmögliches zeug, unsinn, er lügt].
255 1676 1435 1717 11. Mein leib ist satt, meine kleider sind ganz [d. h. mir
149 1738 393 1779 geht es gut].
253 1796 1435 1837 12. Wenn du auch gern in deinen ellbogen bissest, du er-
148 1857 656 1891 reichst ihn dennoch nicht,
258 1916 1259 1957 13. Bei deiner eignen arbeit wirst du nicht müde.
254 1976 1434 2017 14. Das unglück geht über menschen, nicht über bäume
153 2036 416 2078 [vgl. nr. 129].
255 2094 1294 2137 15. Es geht nicht an alles in die tasche zu stecken.
253 2156 953 2195 16. Der mensch ist zu allem fähig.
254 2214 1432 2256 17. Wenn du den flügel gebrochen, fliegst du nicht mehr.
252 2276 1015 2317 18. Billiger fisch gibt schwache suppe.
253 2334 1432 2375 19. Lache nicht, weisser als deine zähne wirst du [doch] nicht!
252 2395 1368 2437 20. [Obgleich nur] ein haar da ist, ist es doch ein pelz.
250 2455 1431 2497 21. Eine kuh scheisst und alle beschmutzen sich [darauf].
1296 2514 1327 2540 12
