1797 2936
712 293 904 323 — 251 —
543 385 910 428 {mi₍t̕śa ni̮lte̮ ad̕d̕źi̮li,}
543 446 886 489 {e̮śin doras pukale̮;}
496 507 885 549 {5. e̮śin doras pukale̮,}
543 567 956 609 {je₍dži̮d kud̕e̮l̕se̮ pet̕śke̮.}
542 627 928 669 {me dumai̭ti ge̮traśni̮,}
543 688 868 728 {bat̕e̮ veśke̮ ge̮trale̮,}
541 748 983 788 {mame̮i̭ oz mun koraśni̮.}
484 807 886 847 {10. mene̮ saldate̮ inde̮,}
542 866 949 900 {mene̮ veśke̮n oz bośni̮.}
585 926 1018 966 {viźinas una narodi̮s,}
543 986 878 1027 {tol̕ke̮ pe̮druga abi̮!}
542 1045 950 1086 {vižinas ke̮ let̕t̕śime̮,}
480 1105 896 1147 {15. priemas ke̮ pi̮rime̮,}
542 1165 895 1206 {me kod̕ i₍t̕śe̮ti̮s abi̮,}
541 1225 904 1266 {me kod̕ ome̮l̕i̮s abi̮;}
543 1284 991 1319 {kvat̕it̕t̕śi ke̮ — bośtisni̮!}
545 1344 908 1385 {no-t̕e zonjas kabake̮}
235 1491 830 1532 ich sah ein schönes mägdelein,
237 1552 726 1592 am fenster sitzt sie dort;
186 1612 610 1645 5. am fenster sitzt sie
241 1672 744 1712 [und] spinnet weisse hede.
238 1732 720 1774 Ich wollte [sie] heiraten;
236 1791 1076 1833 mein vater würde [mich] wohl verheiraten,
237 1851 1343 1893 meine mutter aber geht nicht [um für mich] zu werben.
176 1911 1146 1953 10. Sie [die mutter] bestimmt mich zum soldaten,
238 1971 953 2005 sie würden mich aber nicht nehmen.
346 2033 950 2073 Im dorfe viźin gibt's viel volk,
239 2092 859 2133 meine geliebte ist nur nicht da!
240 2152 756 2191 Als wir nach vižin kamen,
176 2213 799 2253 15. zum anwerbeplatz gelangten,
240 2272 915 2310 da war da keiner so klein wie ich,
241 2331 945 2372 da war da keiner so mager wie ich;
241 2390 1280 2432 aber wie es auch gewesen — sie nahmen mich doch!
241 2451 865 2490 Nun, burschen, nach der kneipe
