1802 2943
698 295 824 325 – 245
329 388 391 420 Ir.
309 509 392 541 IIr.
325 629 388 661 Ir.
308 749 391 781 IIr.
327 869 390 900 Ir.
308 989 390 1021 IIr.
326 1109 390 1140 Ir.
520 386 1119 428 {tijanli̮ ne̮ pe̮ mi̮i̭ kole̮, mi̮i̭ kole̮,}
516 446 1061 487 {oi̭d̕iglada mi̮i̭ kole̮, mi̮i̭ kole̮?}
520 507 1126 549 {mijanli̮ pe̮ dorsa ni̮v, dorsa ni̮v,}
452 567 1107 608 {35. oi̭d̕iglada dorsa ni̮v, dorsa ni̮v!}
516 626 1203 670 {mijan pe̮ dorsa ni̮li̮d zarńia, zarńia,}
516 688 981 728 {oi̭d̕iglada zarńia, zarńia!}
516 747 995 789 {mijanli̮ pe̮ sije̮ kole̮, sije,}
516 808 959 849 {oi̭d̕iglada sije̮ kole̮, sije̮.}
451 867 1172 909 {40. ni̮vjas, ni̮vjas, ni̮v t̕śini, ni̮v t̕śini,}
518 928 1076 968 {oi̭d̕iglada ni̮v t̕śini, ni̮v t̕śini!}
519 988 1146 1029 {ni̮vjas, ni̮vjas, ni̮v sodi, ni̮v sodi,}
515 1047 1049 1089 {oi̭d̕iglada ni̮v sodi, ni̮v sodi!}
518 1108 1129 1148 {mi pe̮ talun šogśame̮i̭, šogśame̮i̭,}
454 1168 1070 1208 {45. oi̭d̕iglada šogśame̮i̭, šogśame̮i̭!}
176 1317 239 1349 Ir.
153 1437 236 1468 IIr.
173 1556 235 1588 Ir.
154 1675 235 1707 IIr.
173 1794 235 1826 Ir.
153 2034 235 2066 IIr.
172 2214 236 2245 Ir.
368 1314 1280 1355 »Was habt ihr nötig denn, was habt ihr nötig,
361 1375 1242 1416 he, juchhe, nötig denn, was habt ihr nötig?»
365 1435 1333 1476 »Nötig haben wir eine flügeljungfer, flügeljungfer,
297 1495 1324 1535 35. he, juchhe, eine flügeljungfer, eine flügeljungfer!»
364 1554 1187 1595 »Unsre flügeljungfer ist golden, ist golden,
362 1614 1036 1655 he, juchhe, ist golden, ist golden!»
364 1674 1079 1715 »Sie haben wir nötig, sie, gerade sie,
364 1733 1066 1774 he, juchhe, nötig, nötig grade sie!»1
298 1794 1435 1834 40. »Jungfern, jungfern, ein mädchen sind wir weniger,
842 1854 1434 1894 ein mädchen sind wir weniger,
363 1914 1436 1954 he, juchhe, ein mädchen weniger, ein mädchen weniger
973 1974 1075 2006 nun!»
363 2032 1436 2074 »Jungfern, jungfern, ein mädchen sind wir mehr, ein
974 2094 1264 2133 mädchen mehr,
361 2153 1379 2192 he, juchhe, ein mädchen mehr, ein mädchen mehr!»
367 2214 1260 2253 »Darüber sind wir jetzt betrübt, sehr betrübt,
297 2274 1139 2313 45. he, juchhe, sehr betrübt, sehr betrübt!»
256 2405 1436 2442 \1\ Hier geht das am anderen ende der I. reihe tanzende mädchen
151 2455 914 2495 (»die flügeljungfer-) in die HI. reihe über.
