1809 2947
715 243 821 273 – 95
154 337 1442 380 {munasni̮ pi̮vśi̮ni̮, a je̮je̮s kol̕asni̮ gortas. mi̮je̮n vokjas munasni̮ pi̮v-}
154 397 1442 440 {śane̮ je̮i̭ pi̮r-že̮ tšanśi̮s surse̮ kiśtas ge̮be̮₍t̕śas. kiśtis, vorje̮ pukśis i}
157 458 1443 500 {kutis si̮nni̮. vokjas loktisni̮ pi̮vśani̮ś, pi̮risni̮ kerkae̮ i ad̕d̕zisni̮ je̮i̭}
155 518 1443 560 {vokse̮ vorji̮n pukale̮ i si̮ne̮. kutasni̮ zev jona vidni̮. bara vi̮l̕i̮ś puasni̮}
156 579 1441 621 {sur i je̮je̮s i̮stasni̮ tagla. je̮i̭ kutas vai̭ni̮ tag i tagli̮ šue̮: »en, kole̮-ke̮,}
158 639 1444 681 {ki̮ša ki̮le̮i̭! te̮v ji̮le̮ ve̮d le₍d̕źa!» tag bara kutis ki̮ša ki̮vni̮ i je̮i̭ tagse̮}
157 700 1441 740 {te̮v ji̮le̮ le₍d̕źis. gorte̮ loktas. vokjas jona kutisni̮ vidni̮ i aśni̮s vi̮l̕i̮ś}
157 758 1442 800 {le̮śe̮disni̮ tag. uźasni̮ i je̮je̮s i̮stasni̮ ve̮le̮n popla. je̮i̭ munas i vajas}
157 818 1441 861 {pope̮s e̮tnasse̮. vokjas zev jona kutasni̮ vidni̮ je̮je̮s: »mi̮i̭la te en vai̭}
158 879 1442 921 tše̮tš popad̕jase̮?» je̮i̭ šue̮: »ene̮i̭ tše̮kte̮i̭ da!» vokjas je̮je̮s i̮stasni̮ po-}
156 938 1441 981 {pad̕jala. je̮i̭ vajas popad̕jae̮s. vokjas bara vidisni̮: »mi̮i̭la te en vai̭}
158 998 1440 1041 tše̮tš t̕śḙl̕a̭d̕se̮?» je̮i̭ šue̮: »ene̮i̭ tše̮kte̮i̭ da! me eg li̮śt!» bara vokjas}
156 1128 1438 1169 stube, als der blödsinnige schon das bier aus dem fasse in den
156 1188 1438 1229 keller giesst. Er goss es aus, setzte sich in einen trog und begann
157 1248 1440 1287 zu rudern. Die brüder kamen aus der badestube, traten in die
157 1307 1439 1349 stube und sahen ihren blödsinnigen bruder in dem trog sitzen
158 1368 1440 1409 und rudern. Sie beginnen ihn gehörig auszuschelten. Von neuem
157 1427 1439 1467 brauen sie bier und schicken den blödsinnigen aus um hopfen zu
157 1487 1439 1529 holen. Der blödsinnige beginnt den hopfen [nachhause] zu tragen
156 1547 1439 1588 und sagt zum hopfen: »Baschle nur nicht, oder ich werde …!
158 1606 1438 1647 Ich streue dich noch in die winde!» Der hopfen fing wieder an
156 1667 1438 1708 zu rascheln, und der blödsinnige streute den hopfen in die winde.
159 1728 1440 1768 Er kommt zuhause an. Die brüder begannen ihn gehörig aus-
157 1787 1440 1829 zuschelten und besorgten sich selber von neuem hopfen. Sie schla-
156 1847 1437 1889 fen [dann die nacht] und schicken den blödsinnigen [am morgen]
156 1907 1441 1948 hin um den priester mit einem pferde herbeizuholen. Der blöd-
157 1967 1437 2009 sinnige geht und bringt nur den priester. Die brüder beginnen
157 2027 1439 2068 den blödsinnigen heftig zu schimpfen: »Warum hast du nicht auch
158 2087 1439 2127 die priestersfrau mitgebracht?» Der blödsinnige sagt: »lhr habt
157 2145 1439 2187 mir das ja nicht aufgetragen!» Die brüder schicken den blödsin-
158 2206 1440 2247 nigen hin um die priestersfrau zu holen. Der blödsinnige bringt
158 2266 1439 2307 die priestersfrau. Die brüder schimpften ihn abermals: »Warum
157 2327 1440 2369 hast du nicht auch die kinder mitgebracht?» Der blödsinnige
157 2387 1439 2429 sagt: »lhr habt mir das ja nicht aufgetragen! Ich habe es nicht
157 2447 1438 2488 gewagt!» Wieder schicken die brüder den blödsinnigen hin um
