1812 2967
928 261 1121 290 — 240 —
806 354 1192 395 {lai̭kja koska ke̮re̮bja,}
805 415 1067 456 {joś-ni̮ra ke̮tia,}
759 475 1256 516 5. ge̮rd t̕śe̮re̮sa, le̮z t̕śe̮re̮sa!}
807 561 1173 594 {das-ki̮k e̮ši̮ńa kerka}
808 625 1040 662 {t̕ese̮ve̮i̭ vevta.}
809 683 1109 721 {bruse̮ve̮i̭ labi₍t̕śa,}
808 743 1021 782 {ozi̮ś ńitška.}
747 803 1065 845 {10. kirpit̕ś pa₍t̕śa.}
1003 970 1054 1000 32.
488 1045 1672 1087 {ni̮v-śetan ri̮te̮ žeńik orde̮ lokni̮ kutasni̮ zonjas da ni̮vjas}
386 1106 1673 1148 {ge̮st̕itni̮. sije̮ kit̕t̕śe̮se̮ jignalas, naje̮ suvtasni̮ kit̕t̕śe̮ vi̮le̮ i śi̮vni̮ pon-}
386 1166 1392 1210 {dasni̮ taje̮ śi̮lan-ki̮v (ńime̮n da e̮vi₍t̕śe̮n sije̮s śuasni̮):}
709 1246 1302 1279 {t̕śḙt̕t̕śi̮ že̮ t̕śḙt̕t̕śi̮, abu kad uźni̮!}
707 1305 1304 1339 {ve̮l̕i̮ś e̮me̮i̭ kaźalin t̕śḙt̕t̕śi̮ni te̮?!}
554 1436 1565 1475 die ränder seines schlittenkorbes sind geschwungen,
553 1496 1175 1535 seine schuhe sind schmalspitzig,
505 1555 1542 1596 5. seine strümpfe sind rot, seine strümpfe sind blau!
556 1657 1517 1696 eine hütte hat er, in der der fenster zwölfe sind,
555 1719 1217 1759 das dach aus gehobelten brettern,
557 1779 1003 1817 die bänke aus brussen,
555 1839 943 1878 das wandmoos zinn,
494 1900 961 1939 10. der ofen aus ziegeln.
1008 2022 1060 2051 32.
494 2095 1677 2129 Am abend vor der hochzeit kommen die burschen und
391 2156 1679 2197 mädchen [freunde der braut] zum bräutigam auf besuch. Er ver-
391 2216 1679 2257 schliesst seinen treppenerker, jene steigen auf den erker und be-
392 2276 1678 2317 ginnen folgendes lied zu singen (wobei sie ihn bei seinem eignen
392 2337 1057 2377 und seinem vatersnamen nennen):
453 2414 1556 2454 »Steh doch auf, steh auf, 's ist keine zeit zum schlafen!
458 2475 1154 2517 Gedachtest du gerade aufzustehen?!
