1827 2961
921 296 1116 325 — 260 —
985 434 1057 465 1 b.
746 519 1184 561 {i̮₍dži̮d ìz me ve̮d pukśi,}
747 579 1155 621 {ul̕-pu zorje̮n zorjavte̮g}
747 640 1043 680 {ez ke̮sji̮ ve̮rźi̮ni̮;}
744 700 1153 741 {śir-mi̮r me ve̮d pukśi,}
697 760 1113 800 {5. ke̮rt-le̮me̮n berti̮štte̮g}
745 820 1039 861 {ez ke̮sji̮ ve̮rźi̮ni̮.}
745 880 1128 922 {morta pii̮s tai̭ voi̭is,}
745 941 1204 974 {ul̕-vi̮i̭ ńebi̮d meli ki̮vnas}
745 1001 1136 1040 {t̕śukte̮dis da berti̮štis,}
684 1062 1079 1095 {10. mene̮ końe̮ruškae̮s.}
744 1123 1000 1163 {ez tai̭ si̮li̮ kov}
744 1182 1230 1224 {ke̮rt-le̮mi̮s ńi ul̕-pu zorji̮s,}
743 1243 1222 1284 {menśi̮m ni̮v i̮₍dži̮d ve̮l̕ae̮s,}
743 1303 1179 1344 {popovske̮i̭ i̮₍dži̮d t̕śine̮s,}
681 1363 1150 1403 {15. bajarske̮i̭ i̮₍dži̮d laśte̮s}
980 1527 1053 1559 1 b.
435 1603 1245 1643 Ich setzte mich hin wie ein grosser stein,
434 1664 1523 1705 ohne dass man [ihn] mit einer frischen stange wendete,
432 1725 1005 1764 wollte er sich nicht bewegen;
434 1783 1410 1824 ich setzte mich hin wie ein harziger baumstumpf,
385 1843 1372 1885 5. ohne dass man [ihn] mit eisernem hebel drehte,
432 1905 999 1944 wollte er sich nicht bewegen.
435 1964 1007 2002 Da kam ein fremder bursche,
431 2021 1580 2063 mit seiner schmeichelnden zunge, weich wie frische butter,
430 2082 1454 2126 machte er [mich] los und brachte [mich] vom fleck,
369 2145 647 2178 10. mich arme.
433 2203 998 2246 [Dazu] brauchte er ja keinen
432 2264 1120 2303 eisenhebel noch eine frische stange,
429 2324 1036 2365 meine grosse jungfernfreiheit, ?
430 2382 1422 2424 meinen grossen wert von priesterlichem geschlecht,
368 2443 954 2485 15. meine grosse bojarenmacht
