1815 2952
793 246 899 275 49 —
581 339 875 380 {šondi-pi verdni̮,}
582 399 819 439 {te̮li̮ś-e̮š nuni̮,}
582 460 872 500 {jen-zud ki̮ski̮ni̮,}
582 520 898 561 {t̕śag-purt kesli̮ni̮,}
582 582 886 614 {śoki̮re̮s nat̕śki̮ni̮.}
584 641 1065 683 {ted da mem še̮rje̮n ja̭i̭se̮!»}
276 727 1456 768 {ke̮t̕ś šuas: »menam ve̮d i pe̮de̮ń₍t̕śai̮s abu. mun te, vetli̮ pipu}
168 788 760 828 {orde̮ pe̮de̮ń₍t̕śala!» rut̕ś munas:}
582 873 872 914 {»pipue̮i̭, pipue̮i̭,}
584 933 899 973 {vai̭ te̮ pe̮de̮ńt̕śate̮,}
582 992 861 1032 {ke̮t̕ś-je̮v li̮śti̮ni̮,}
582 1052 892 1093 {šondi-pi verdni̮.»}
582 1115 733 1145 etc. etc.
275 1197 1455 1239 {pipu šue̮: »menam i perji̮ni̮\1\ se̮ ńi-ne̮me̮n. mun te, vetli̮ kuź-}
171 1258 794 1290 {ńḙt̕ś orde̮ kl̕e̮štši̮la.» rut̕ś munis:}
276 1352 558 1393 \1\ oder perji̮ni̮s.}
332 1482 1015 1521 um den sohn der sonne zu speisen,
328 1541 1128 1579 um den ochsen des mondes fortzuführen,
331 1600 1066 1640 um Gottes wetzstein herbeizuschaffen,
332 1660 1032 1700 um das kienspanmesser zu schärfen,
333 1721 927 1754 um den wallach zu schlachten.
329 1780 1284 1814 Das fleisch in zwei teile für dich und für mich!»
279 1864 1456 1906 Der hase sagt: »lch habe ja nicht einmal einen melkeimer.
175 1925 1456 1966 Geh, reise zur espe, um einen melkeimer zu holen!» Der fuchs geht:
328 2012 899 2051 »Mein espchen, mein espchen,
327 2071 834 2112 gib mir deinen melkeimer,
330 2131 1005 2170 um des häschens milch zu melken,
331 2192 943 2232 um der sonne sohn zu speisen.»
329 2254 477 2285 etc, etc.
279 2335 1457 2378 Die espe sagt: »lch habe ja nicht einmal [ein gerät], womit
173 2396 1456 2435 ich sie herausnehmen könnte. Geh, reise zum schmied, um eine
174 2457 836 2499 zange zu holen.» Der fuchs ging:
1338 2516 1354 2540 4
