1818 2947
759 265 909 294 — 5 —
191 355 1473 399 {gasɛ bośtis da i pi̮šjis; i̮llaɛ peti, a seśśa òz vḙrmi̮ petni̮: ge̮ger jigana}
191 415 1474 459 {i ńi-ki̮t̕t̕śɛ karśi̮ni̮. a l̕o̭k jḙretńik si̮ ko̭sti i ò̭rot̕t̕śis, kḙrkai̮ś kò̭rśis}
191 476 1476 520 {da ìz ad̕d̕źi̮. seśśa peti i̮lla vi̮lɛ kò̭rśi̮śni̮. ku₍t̕śis kò̭rśni̮, a iva·n}
192 537 1475 581 {òz tè̮d, ki̮₍t̕śɛ karśi̮ni̮. seśśa śinmas uśi, e̮š-ku e̮šalɛ, sii̭ɛ bośtis da}
193 597 1474 642 {tupi̮rt̕śis e̮š-kuas i vo̭dis e̮bes dorɛ. starik ku₍t̕śis petni̮, a ko̭k ulas}
193 658 1476 701 tšukis sid̕ź, starik ko̭ńe·r uśi. seśśa starik zèi̭ skḙ̀rmis, bośtis e̮š-ku}
192 719 1475 761 {da ši̮bi̮tis e̮grada vī̮tii̮s. a iva·nli̮ si̮a i ko̭lɛ tše̮tš e̮š-kunas ši̮-}
193 778 1476 818 {bi̮tis sii̭ɛ. t̕śḙt̕t̕śis iva·n e̮š-kui̮ś da i muni. gortɛ iva·n vo̭i̭is, zèi̭}
192 839 1475 882 {una d̕ḙńga vajis. si̮ vi̮lɛ stav ve̮lesti̮s d̕ivut̕t̕śis: »iva·n d̕ḙńga una}
192 897 1473 942 {vajis!» seśśa iva·n ku₍t̕śis ńevesta ko̭rśni̮ i med-be̮ri̮n si̮a ge̮traśis.}
192 957 1477 1002 {mḙ sen tšetš una vina jui̭i: uskes ke̮tedli a vo̭mam kapl̕a ìz śurli̮!}
193 1021 874 1061 {e̮ni na burā oleni̮s iva·n babai̮sked.}
195 1210 1476 1254 davon; er kam hinaus, aber dort [eig. da] gelangt er nicht [aus
196 1271 1475 1311 der umzäunung] hinaus: rings um ihn war es abgesperrt, und
197 1332 1474 1373 nirgendshin konnte er gehen. Der arge zauberer aber riss sich
196 1392 1476 1433 mittlerweile los, suchte [Hänschen] im hause, fand ihn jedoch
196 1452 1476 1493 nicht. Darauf ging er hinaus, um [ihn] zu suchen. Er begann zu
196 1512 1476 1551 suchen, und Hänschen weiss nicht, wohin er soll. Da gewahrte
196 1571 1476 1611 er eine dahängende ochsenhaut, die nahm er, wickelte sich in die
197 1631 1477 1671 ochsenhaut und legte sich neben der tür nieder. Der alte be-
196 1691 1478 1731 gann hinauszugehen, aber der fuss strauchelte, sodass der arme
197 1750 1476 1791 alte hinfiel. Da wurde der alte gar zornig, nahm die ochsenhaut
199 1811 1477 1851 und warf sie über den zaun. Aber das hat Hänschen ja gerade
198 1871 1478 1912 nötig: zusammen mit der ochsenhaut hat er auch ihn hinüberge-
197 1930 1475 1972 worfen. Hänschen hüpfte aus der ochsenhaut heraus und begab
197 1991 1476 2032 sich auf den weg. Hänschen langte daheim an, brachte sehr viel
197 2052 1476 2092 geld mit. Darüber verwunderte sich der ganze wolost: »Hänschen
198 2112 1477 2153 hat viel geld gebracht!» Da begann Hänschen sich eine braut zu
199 2172 1478 2211 freien, und später verheiratete er sich. Ich trank dort [auf der
198 2232 1477 2272 hochzeit] zusammen [mit Hänschen] viel branntwein: den schnurr-
198 2290 1476 2331 bart befeuchtete ich mir, aber in den mund kam mir kein tropfen!
198 2351 1475 2384 Und heute noch lebt Hänschen mit seinem weibe in wohlstand.
