1796 2937
702 277 827 306 157
260 369 1439 412 {116. ki̮k vok t̕śḙt̕t̕śasni̮ da kutasni̮ ke̮maśni̮; e̮t̕iki̮s jen-kola}
156 430 800 472 {ge̮ge̮ri̮s ge̮ge̮rtas. — pat̕ś lomti̮śe̮m.}
262 490 1438 531 {117. ki̮k vok t̕śḙt̕t̕śasni̮ da munni̮ kutasni̮; e̮t̕ik voki̮s šuas:}
157 552 1440 593 {»te, voke̮i̭, seti (od: set) mun, me, voke̮i̭, tati (od: tat) muna: e̮tlae̮}
159 611 1133 654 {voam (od: e̮tlaaśam) da kar tšupam.» — ve̮ńja̭śe̮m.}
263 673 1284 713 {118. ki̮z ki̮z baba, da pi̮tške̮si̮s ti̮rte̮m. — pat̕ś-truba.}
265 732 1277 774 {119. ki̮z ki̮z mort, duke̮si̮s śo-de̮masa. — pi̮vśan-gor.}
264 792 1289 834 {120. ki̮źe̮n e̮t̕i jurle̮s vi̮li̮n uźe̮ni̮. — mat̕i₍t̕śa, pe̮te̮le̮k.}
264 853 1104 894 {121. koki̮s iz, tušai̮s de̮ra, juri̮s pu. — ti̮v.}
265 912 1442 955 {122. kok-pe̮la (od: kokte̮m) sulale̮, śin-pe̮la (od: śinte̮m) vi-}
160 975 714 1015 {d̕źe̮de̮, kre̮ški kre̮šite̮. — peša.}
265 1034 1296 1076 {123. komi̮n mort varte̮, e̮t̕ik berge̮dle̮. — pińjas i ki̮v.}
265 1095 1345 1137 {124. kopraśas da kopraśas, kerkae̮ pi̮ras, vodas. — t̕śer.}
265 1224 1444 1265 116. Zwei brüder stehen auf und fangen an sich die schuhe
164 1285 1445 1326 anzuziehen; der eine wandert um die [ganze] welt herum. — Das
161 1347 484 1381 heizen des ofens.
269 1405 1446 1446 117. Zwei brüder stehen auf und fangen an zu gehen; der
164 1466 1444 1509 eine bruder sagt: »Geh du, brüderchen, dorthin, ich, brüderchen,
163 1526 1447 1569 gehe hierhin: wir vereinigen uns [wieder] und bauen eine stadt.»
163 1590 511 1629 — Das umgürten.
269 1646 1447 1686 118. Eine dicke, dicke alte, ihr inneres ist aber leer. — Die
165 1709 348 1741 ofenröhre.
270 1766 1447 1806 119. Ein dicker, dicker mann, in seinem überrock hundert
165 1828 774 1861 flicken. — Der badestubenofen.
270 1887 1447 1929 120. Zwanzig schlafen auf einem kopfkissen. — Der trag-
167 1950 623 1990 balken [und] die decke.
273 2006 1450 2048 121. Der fuss von stein, der körper von leinwand, der kopf
170 2071 677 2110 von holz. — Das zugnetz.
273 2126 1446 2169 122. Einfüssig (od.: Ohne fuss) steht es, einäugig [ohne auge]
170 2187 1206 2229 blickt es, krumen krümelt es. — Der kienspanhalter.
275 2246 1448 2290 123. Dreissig leute dreschen, einer wendet [die garben] um.
168 2309 731 2348 — Die zähne und die zunge.
275 2365 1451 2404 124. Es bückt sich und bückt sich, tritt in die stube, legt
170 2429 631 2464 sich nieder. — Die azt.
