1807 2952
718 247 868 275 — 67 —
166 339 1445 380 {i̮₍dži̮ddži̮ke̮s!» jaššike̮ ni̮le̮s puktas t̕śoi̭, seśśa pridanne̮i̭. ke̮in pon-}
163 399 1446 440 {das nuni̮. ke̮inli̮ ni̮v šuas: »en vi₍d̕źe̮dli̮ te, pi̮tškas kiśśan-tor em!»}
163 459 1445 500 {ke̮in veti̮·mi̮n verst munas, pondas vidli̮ni̮: »mi̮i̭ sete̮n kiśśan-tor em?»}
162 519 1446 561 {jaššikas šue̮: »ad̕d̕źa, ad̕d̕źa!» »atte̮, taje̮ menam ni̮vjas jona· že̮}
162 580 1447 621 {śuśe̮ś! veti̮·mi̮n verstśa̭ń ad̕d̕źe̮ni̮! seśśa og ńin vidli̮! ad̕d̕źasni̮ že̮}
165 640 1446 681 {ve̮d a!» seśśa ke̮in nuas, d̕a̭d̕e̮ kit̕t̕śe̮ ponas puktas: »d̕a̭d̕e̮, kole̮-ke̮}
163 701 1446 741 {petav, ni̮li̮d pridanne̮i̭ me̮de̮dis!» starik gozja petasni̮, pondasni̮}
163 762 725 802 {pi̮rtni̮. e̮dva vermasni̮ pi̮rtni̮.}
264 821 1446 862 {med i̮₍dži̮d ni̮v ke̮in lokte̮d̕ź bara paśte̮de̮m gi̮re̮s, kerka vi̮le̮}
162 880 1446 922 {si̮d̕ź že̮ suvte̮das. sije̮ kutas šuni̮: »seśśa meni̮m ve̮t̕ś jaššik si̮i̮ś i̮₍dži̮-}
163 941 1444 982 {de̮s!» ke̮in ve̮₍t̕śas. ni̮v jaššike̮ pridanne̮i̭ puktas, pi̮tškas a₍t̕śi̮s pi̮ras,}
163 1000 1445 1042 {a as-pi̮d̕jii̮s suvte̮das paśte̮de̮m gi̮r. seśśa ni̮v šuas: »en vi₍d̕źe̮dli̮}
162 1061 1446 1103 {pi̮tškas: kiśśan-tor em!» ke̮in munas kvai̭ti̮·mi̮n verst da bara ke̮sjas}
163 1189 1446 1230 schwester in die kiste, dann [legt diese] mitgift [dazu]. Der wolf
162 1249 1440 1290 macht sich auf um sie fortzutragen. Zu dem wolfe sagt das [älteste]
162 1309 1443 1350 mädchen: »Schau nicht [in die kiste], es sind zerfallende sachen
162 1369 1440 1411 darin!» Der wolf wandert fünfzig werst weit, er will [in die kiste]
163 1429 1447 1469 schauen: »Was für zerfallende sachen sind [denn] darin?» In der
162 1489 1446 1529 kiste sagt [eine stimme]: »lch sehe, ich sehe es!» »Sieh nur einer
162 1549 1444 1589 an, diese meine mädchen sind aber sehr achtsam! Fünfzig werst
162 1610 1446 1649 weit sehen sie! Hiernach gucke ich nicht mehr [hinein]. Sie be-
162 1669 1446 1710 merken wahrhaftig [alles]!» Dann bringt der wolf [die kiste ans
164 1728 1446 1770 ziel], setzt sie unten an die vorgangstreppe des alten: »Mein alter-
164 1789 1442 1831 chen, wenn du lust hast, komm heraus, deine tochter hat [dir ihre]
163 1850 1447 1891 mitgift geschickt!» Der mann und die frau kommen heraus: be-
164 1909 1442 1951 ginnen [die kiste] hineinzutragen: kaum können sie [sie] tragen.
266 1969 1445 2008 Wiederum kleidete die älteste tochter, vor der [rück]kunft
163 2028 1446 2069 des wolfes, einen stampfklotz an, setzt ihn in derselben weise
167 2088 1445 2130 [wie vorher] auf das dach der hütte, Sie sagt [zu dem wolfe]:
163 2147 1448 2190 »Nun mache mir eine kiste, die grösser ist als jene [vorige]!» Der
163 2207 1448 2249 wolf macht sie. Das mädchen legt mitgift in die kiste, darin [unter
163 2265 1445 2309 der ersteren] verbirgt [eig. geht] sie sich selbst, an ihrer stelle
163 2326 1443 2369 aber setzt sie [auf das dach] einen angekleideten stampfklotz.
164 2386 1445 2428 Darauf sagt das mädchen: »Schau nicht [in die kiste] hinein:
166 2445 1449 2490 [drinnen] sind zerfallende gegenstande!» Der wolf wandert sechzig
