1822 2957
983 233 1110 261 120 —
988 364 1039 393 43.
930 447 1098 487 {kupet̕ś}
473 532 1655 574 {olis vi̮lis kupet̕ś gozja. nale̮n ve̮li pi, ivan. kor-ke̮ kupet̕ś kuli.}
369 593 1656 635 {ivan mami̮sli̮ś koris śo t̕śe̮lke̮ve̮i̭ gul̕a̭i̭tni̮. sija munis i ad̕d̕źis: am-}
370 654 1655 696 {bar vo₍d̕źi̮ś ne̮i̭te̮ni̮ kańe̮s. sija šue̮: »vaje̮ meni̮m taje̮! me tijanli̮ śeta}
368 715 1657 757 {śo t̕śe̮lke̮ve̮i̭». me̮d lun e̮pe̮t̕ mami̮sli̮ś koris d̕ḙńga. munis gul̕ai̭tni̮ i}
367 776 1656 817 {ad̕d̕źis: ponje̮s ne̮i̭te̮ni̮. sija e̮pe̮t̕ nali̮ śetis śo t̕śe̮lke̮ve̮i̭. koi̭me̮d lun}
368 836 1654 878 {e̮pe̮t̕ munis i ad̕d̕źis: ne̮i̭te̮ni̮ morte̮s. ivan mezdis morte̮s. mort šue̮:}
368 897 1655 937 {»mi̮i̭ že̮ teni̮d ve̮t̕śni̮ bur? te mun meam bat̕ dine̮; si̮le̮n em kias t̕śuń-}
368 958 1653 999 {ki̮tš». ivan munis i bośtis t̕śuń-ki̮tš. — e̮t̕t̕śi̮d mami̮sli̮ šue̮ ivan:}
368 1018 1656 1060 {»mun te, tsarli̮ś ni̮lse̮ koral!» mami̮s munis i tsar šue̮: »jesli ke̮sjan-}
367 1079 1656 1119 {ni̮d menśi̮m ni̮l vai̭ni̮, med ve̮li aski tani dvore̮t̕ś». »ladne̮!» mam}
984 1256 1034 1285 43.
822 1340 1190 1372 Der kaufmann.
470 1433 1653 1466 Es lebte einmal ein kaufmann mit seinem weibe. Sie hatten
366 1493 1653 1533 einen sohn, lvan. Eines tages starb dann der kaufmann. Ivan
365 1553 1652 1594 bat seine mutter um hundert rubel um zum vergnügen herumzu-
364 1613 1650 1654 streifen. Er machte sich auf und sah, wie man vor einem spei-
365 1673 1650 1714 cher eine katze prügelt. Er sagt: »Gebt sie mir! Ich gebe euch
364 1733 1652 1774 hundert rubel.» Den folgenden tag bat er seine mutter wieder
366 1794 1649 1834 um geld. Er machte sich auf um herumzustreifen und sah,
364 1853 1651 1894 wie man einen hund durchprügelt. Er gab ihnen abermals hun-
363 1913 1650 1953 dert rubel. Am dritten tag ging er wieder aus und sah, wie man
363 1972 1649 2013 einen mann stäupt. Ivan befreite den mann. Der mann sagt:
363 2032 1651 2072 »Was sollte ich dir gutes tun? Geh du zu meinem vater; er hat
363 2092 1651 2134 einen ring an der hand.» Ivan ging hin und nahm den ring. —
364 2152 1650 2194 Einmal sagt lvan zu seiner mutter: »Geh, wirb beim zaren [für
361 2212 1650 2252 mich] um seine tochter!» Die mutter machte sich auf, und der
361 2273 1648 2314 zar sagt: »Wenn ihr meine tochter haben [eig.: führen] wollt, so
362 2333 1651 2374 erscheine bis morgen hier ein schloss!» »Schön!» Die mutter be-
360 2393 1647 2434 richtete [es] dem knaben. Der knabe nahm den fingerring und
