1821 2957
921 275 1110 304 — 182 —
480 366 1134 407 {75. pi̮de̮ ke̮ puktan, mati̮ś bośtan,}
481 427 1026 468 {76. pi̮de̮ste̮m pel̕sate̮ on ti̮rt.}
480 487 910 528 {V7. porśle̮n moi̭ oz lo.}
480 549 1096 588 {78. pote̮m gi̮rńi₍t̕śi̮n va on e̮še̮d.}
482 609 973 651 {79. požje̮n vate̮ on pi̮rtli̮.}
479 669 1201 712 {80. solavte̮m ši̮dte̮ vod̕ź-vi̮v en pańav!}
478 730 963 770 81. śe̮la li̮i̭te̮d̕ź en kušti̮!}
477 791 1049 832 {82. še̮ri̮šte̮m še̮re̮m be̮r on jit.}
479 850 1255 892 83. ši̮d aźale̮m be̮rti (od: be̮rt̕i) kaźalin,}
478 910 978 952 {84. ši̮r bie̮n jag oz sot̕t̕śi̮.}
478 971 999 1013 {85. šoni̮de̮n li̮i̮d oz t̕śegja̭ś.}
478 1032 985 1074 86. turie̮s pu ji̮li̮ś viśtale̮.}
479 1093 1005 1134 {87. tuv vi̮le̮ kol̕k on pukti̮.}
478 1153 1084 1194 88. t̕śipan oz ku₍d̕źa̭ś, da juve̮.}
477 1213 989 1253 {89. uźi̮ge̮n med doli̮d ovle̮.}
478 1345 1661 1386 75. Wenn du es tief hineinlegst, wirst du es nahe heraus-
376 1406 704 1439 zunehmen haben.
480 1465 1457 1499 76. Einen zuber ohne boden füllst du nicht voll.
479 1525 1210 1565 77. Das schwein gebiert keine biber.
480 1586 1659 1626 78. In einem gesprungenen topf wägst du das wasser nicht,
481 1645 1298 1686 79. In einem sieb trägst du kein wasser.
481 1705 1573 1747 80. Löffle die suppe nicht, bevor du sie gesalzen hast,
479 1765 1660 1806 31. Rupfe das haselhuhn nicht, ehe du es geschossen hast.
479 1825 1662 1866 82. Ein geschnittenes stückchen brot fügst du nicht wieder
377 1894 580 1917 zusammen.
479 1945 1662 1985 83. Als die kohlsuppe schon sauer geworden war, bemerk-
376 2007 580 2038 test du es.
480 2064 1660 2104 84. Ein fichtenwald entzündet sich nicht durch ein feuer,
378 2126 862 2165 das die maus angesteckt.
480 2184 1496 2218 85. Von der hitze zerbrechen deine knochen nicht,
480 2245 1659 2285 86. Er spricht von einem kranich, der im baume sitzt [d. h.
375 2306 1071 2346 er erzählt unglaubliche dinge, lügt].
477 2365 1412 2406 87. Auf die nagelspitze stellst du das ei nicht,
478 2426 1432 2465 88. Die henne pisst nicht, aber sie trinkt doch.
480 2486 1244 2527 89. Das schlafen ist das angenehmste.
