1802 2962
977 259 1102 287 124 —
359 352 1651 396 {je̮li̮d zel t̕śe̮ski̮d! vai̭, mijanli̮ me̮ste̮ vuzal!» »vuzala» ivan šue̮, »po-}
361 411 1649 456 {pad̕d̕ali̮ śere̮d, d̕ake̮nńi₍t̕śali̮ beluk, psalomši₍t̕śali̮ t̕śernuk!» nija}
361 472 1647 517 {petisni̮. śḙśśa i popjas gidi̮ś pete̮ni̮. popad̕d̕ajas nuasni̮ da mi̮śka-}
362 536 986 577 {lasni̮ mi₍t̕śae̮. ta-lun ole̮ni̮ vi̮le̮ni̮.}
886 748 1122 786 D. Sysola.
915 832 1096 873 (Vizinga.)
980 939 1031 968 45.
713 1013 1295 1049 {ki̮₍d̕źi me kul̕se̮ ad̕d̕źi̮li.}
465 1098 1649 1142 {me viźin-jui̮n vo das-ke̮kja·mi̮s ki̮mi̮n eg nin kupai̭t̕t̕śi̮l, si̮śa̭ń,}
363 1161 762 1195 {kor me ad̕d̕źi̮li kul̕se̮.}
465 1220 1651 1262 {mi ki̮k vok munime̮ vugraśni̮; pe̮rai̮s ve̮li lun-še̮r be̮ri̮n. mi}
363 1281 1651 1324 {sultime̮ vugraśni̮ kad-šor-pon-ul dore̮; pi̮dnanas seti si̮le̮n dži̮n-}
362 1341 1650 1384 {je̮n ki̮mi̮n. sete̮n mi vugraśime̮ zel di̮r; mejam stav sam nin bi̮ri, a}
363 1471 1651 1514 milch! Komm, verkaufe uns deine kühe!» »lch verkaufe [sie
365 1532 1649 1575 euch]», sagt lvan, »der frau pfarrer [verkaufe ich] die graue, der
364 1592 1649 1633 frau diakon die weisse, der küsterin die schwarze!» Sie gingen
363 1653 1650 1695 hinaus. Da kommen auch die geistlichen aus dem viehstall her-
365 1714 1651 1756 aus. Die frauen der geistlichen führen sie weg [von dannen] und
366 1776 1154 1810 waschen sie rein. Sie leben heute noch.
1358 1809 1547 1857 (Sčugora.)
983 1942 1033 1971 45.
633 2017 1383 2056 Wie ich den wassergeist sah.
470 2103 1652 2144 Im flusse viźin habe ich ungefähr achtzehn jahre nicht ge-
364 2164 1577 2204 schwommen, seitdem ich [dort] den wassergeist gesehen habe.
467 2223 1650 2265 Wir zwei brüder gingen zum angeln; es war die zeit nach
364 2285 1652 2326 mittag. Wir blieben nahe beim kad-šor-pon-ul stehen um zu an-
365 2344 1648 2386 geln; die tiefe betrug an dieser stelle ungefähr anderthalb klafter.
366 2405 1650 2446 Dort angelten wir recht lange; mir ging schon aller köter aus,
365 2464 1654 2505 aber noch war kein fisch gekommen, und auch mein bruder hatte
