1813 2951
708 261 881 290 — S3 —
770 374 821 403 27.
720 440 872 481 {je̮i̭jas.}
258 528 1439 569 {olisni̮ vi̮lisni̮ starik gozja. nale̮n ve̮li kujim ni̮v da e̮t̕i pi. naje̮}
158 587 1435 628 {i̮stisni̮ med i̮₍dži̮d ni̮vse̮ vala va-dore̮. sije̮ munis. vai̮s zev vizi̮v ve̮li.}
155 648 1438 691 {sije̮ kutis gumovtni̮, i vedrai̮s uśis vaas. sije̮ kutis be̮rdni̮. mami̮sjas}
157 708 1437 750 {i̮stisni̮ me̮d ni̮vse̮ sije̮s vidli̮ni̮. sije̮ munis t̕śoji̮s dine̮ i juale̮: »mi̮i̭la}
156 769 1439 810 {ne̮ te be̮rdan?» sije̮ viśtale̮: »ki̮₍d̕źi̮ ne̮ on be̮rd! menam ve̮d vedrae̮i̭}
156 829 1439 868 {uśis vaas. i ki̮kna·ni̮s kutisni̮ be̮rdni̮. seśśa mami̮s i̮stas koi̭me̮d}
156 889 1436 930 {ni̮vse̮1: »vetli̮, mi̮i̭la naje̮ di̮r oz lokni̮». i₍t̕śe̮t ni̮v let̕t̕śas t̕śoji̮sjas}
157 949 1441 991 {dine̮ i juale̮: »mi̮i̭la že̮ ti be̮rdad?» naje̮ viśtale̮ni̮: »ki̮₍d̕źi̮ že̮ oge̮}
156 1008 1438 1050 {be̮rde̮! mijan ve̮d vedrani̮m uśi», i kujimna·ni̮s kutisni̮ be̮rdni̮. seśśa}
158 1067 1442 1109 {loktasni̮ set̕t̕śe̮ mami̮s i bat̕i̮s. naje̮ juale̮ni̮: »mi̮ji̮ś ne̮ ti be̮rdad?»}
157 1129 1440 1170 {naje̮ viśtale̮ni̮: »vedrani̮m uśis vaas». i mami̮s bat̕i̮s kutasni̮ be̮rdni̮.}
262 1232 678 1265 \1\ auch: koi̭me̮·d ni̮vse̮.}
776 1364 826 1393 27.
600 1430 1006 1470 Die dummköpfe.
264 1517 1440 1551 Es war einmal ein mann und eine frau. Sie hatten drei
158 1578 1443 1611 töchter und einen sohn. Sie schickten die älteste tochter zum
160 1637 1444 1677 flussufer um wasser zu holen. Sie ging. Das wasser war sehr
160 1697 1440 1738 reissend. Sie begann zu schöpfen, und der eimer fiel ins wasser.
162 1757 1444 1798 Sie begann zu weinen. Die eltern schickten ihre zweite tochter
161 1817 1445 1851 um nach ihr zu sehen. Diese machte sich zu ihrer schwester auf
162 1877 1444 1918 und fragt: »Warum weinst du denn?» Sie entgegnet: »Wie sollte
161 1937 1443 1979 ich nicht weinen! Mein eimer ist ja ins wasser gefallen.» Und
162 1997 1444 2038 zu zweien begannen sie zu weinen. Dann schickt die mutter ihre
163 2057 1445 2098 dritte tochter aus: »Geh [doch] hin [und sieh nach], warum sie
163 2117 1446 2159 nach [so] langer zeit nicht kommen.» Das jüngste mädchen geht
163 2177 1447 2218 zu ihren schwestern und fragt: »Warum weint ihr denn?» Sie
163 2237 1448 2279 sagen: »Wie sollten wir nicht weinen! Unser eimer ist ja [ins
165 2298 1445 2339 wasser] gefallen.» Und zu dreien begannen sie zu weinen. Dann
164 2358 1448 2399 kommen vater und mutter herzu. Sie fragen: »Weshalb weint
166 2417 1448 2459 ihr denn?» Sie sagen: »Unser eimer ist ins wasser gefallen.» Und
167 2478 1448 2519 der vater und die mutter beginnen zu weinen. Darnach kommt
