1809 2937
704 257 900 286 — 199 —
367 348 864 389 {30. va-doras ke̮ pḙ let̕t̕śam,}
432 408 892 449 {bi̮de̮n sen še̮lke̮ve̮i̭ turun,}
434 468 837 509 {pol̕e̮ vi̮las ke̮ munam,}
433 529 903 570 {bi̮de̮n dona-t̕śenaa izjas!»}
431 590 820 629 {seki ni̮li̮s i be̮rdd̕źis:}
368 650 967 691 {25. »zonme̮i̭, zonme̮i̭, molod̕e̮₍t̕śe̮i̭,}
433 710 879 750 {mi̮l̕a te mene̮ je̮i̭je̮dlan?}
434 770 860 810 {kazań ge̮ra vi̮lad ve̮d}
433 830 748 870 {abu sakar-jurjas,}
434 889 1172 931 {a bi̮de̮n seni saldatske̮i̭ jurjas sulale̮ni̮!}
370 950 1006 990 {30. gi̮ri̮ś šorjasi̮s ve̮d vizuvte̮ni̮ —}
434 1010 691 1049 {abu ge̮rd vina}
434 1069 910 1110 {a bi̮de̮n saldatske̮i̭ virjas!}
435 1129 1016 1170 {posńi šorjasi̮s ve̮d vizuvtḙni̮ —}
435 1188 691 1221 {abu se̮d̕ź vina}
372 1247 915 1288 {35. a bi̮de̮n saldatske̮i̭ śin-va!}
436 1307 1030 1348 {va-doras ve̮d abu še̮lke̮ve̮i̭ turun}
274 1453 1191 1493 20. Wenn wir zum ufer des flusses hinabgehen,
333 1514 904 1546 so ist da überall seidnes heu.
336 1573 1039 1613 Wenn wir auf das feld hinausgehen,
334 1633 1029 1666 so sind da überall kostbare steine!»
336 1693 1090 1725 Da brach das mädchen in tränen aus:
272 1752 1298 1792 25. »Mein bursch, mein bursch, mein kecker bursche,
336 1813 1008 1845 warum hast du mich zum narren?
338 1873 853 1912 Auf dem berge von Kasan
336 1933 823 1973 sind ja keine zuckerhüte,
336 1992 1067 2034 denn überall liegen da soldatenköpfe!
273 2053 983 2093 30. Die grossen bäche strömen ja —
337 2113 657 2146 nicht roten wein
338 2173 882 2206 sondern lauter soldatenblut!
340 2233 977 2272 Die kleinen bäche strömen ja —
340 2294 678 2327 nicht klaren wein
274 2353 930 2387 35. sondern lauter soldatentränen!
340 2412 1419 2453 Auf dem ufer des flusses [wächst] ja nicht seidnes heu
