1803 2944
699 274 872 303 — 235 —
526 367 968 408 {me̮daras ke̮ vi₍d̕źe̮dli —}
527 428 898 467 {me kod̕ ome̮l̕i̮s abu;}
527 487 974 526 {kvat̕it̕t̕śi ke̮ — bośtisni̮!}
526 548 924 589 {prie̮m vi̮vśi̮s me peti,}
462 608 935 647 {20. viźin kabakas let̕t̕śi,}
527 668 842 709 {kuri̮d vinase̮ jui,}
525 728 905 768 {jumov preńikse̮ śoji.}
527 786 865 828 {para ve̮vse̮ dod̕jali}
526 848 928 888 {vižin kuźa gul̕ai̭tni̮.}
463 907 962 949 {25. pojov tujas veśke̮d̕t̕śi,}
526 966 882 1008 {voi̭-pukan ine̮ pi̮ri,}
528 1027 1145 1060 {śor dorśi̮s vorsan bośti — — —}
528 1086 992 1128 {oi̭ ni̮vjas, ni̮vjas, ni̮vjas,}
524 1147 929 1187 {mete̮g ve̮d gažte̮m loe̮!}
464 1206 929 1247 {30. šor dori̮n požja̭śe̮me̮i̭,}
530 1266 975 1307 {lug vi̮li̮n me̮s vi₍d̕źe̮me̮i̭,}
527 1325 958 1366 {ńur dori̮n puv śoje̮me̮i̭,}
222 1454 1040 1487 als nach der anderen seite ich schaute —
220 1515 925 1555 da war da keiner so mager wie ich;
220 1575 1288 1616 aber wie es auch gewesen — sie nahmen [mich] doch!
221 1635 1007 1675 Vom anwerbeplatz macht' ich mich auf,
157 1694 903 1735 20. trat in die kneipe des dorfes viźin,
222 1755 818 1792 starken branntewein ich trank,
223 1815 733 1855 süsse honigkuchen ich ass.
221 1874 750 1914 Zwei pferde schirrte ich an
224 1934 851 1967 um durchs dorf viźin zu fahren.
157 1993 1218 2034 25. Wandte mich auf die strasse nach dem dorf pojov,
222 2053 1249 2096 langte bei einer abendgesellschaft [der mädchen] an,
221 2114 1195 2155 vom sparren hascht' ich das instrument — — —
222 2173 891 2215 ach mägdlein, mägdlein, mägdlein,
222 2234 968 2274 wie öde wird's [euch] ohne mich sein!
158 2293 1440 2335 30. [Ach die zeiten], da ich am ufer des bachs [mit euch] plätscherte,
227 2353 1440 2396 [ach die zeiten], wo ich auf der wiese [mit euch] die kühe hütete,
228 2414 1442 2455 [ach die zeiten], wo ich vom rande des moores [mit euch] prei-
978 2475 1234 2513 selbeeren ass,
