1796 2953
694 279 885 308 — 185 —
256 369 1160 411 116. ni̮l-babale̮n jur-śi kuź da mi̮lki̮di̮s džeńi̮d.}
255 430 954 469 {117. ńebi̮da vol̕sale̮, da t̕śori̮d uźni̮s.}
256 492 942 525 {118. ńe̮že̮n mune̮me̮n i̮le̮d̕źži̮k voan,}
255 552 1043 594 {119. oški̮ś polži̮le̮m mort bi̮d mi̮rji̮ś pole̮.}
256 613 798 654 {120. »paśibe̮śi̮d» paś og vur.}
256 673 960 715 {121. sije̮ kos pu ji̮li̮ś turie̮s viśtalas.}
255 733 803 766 {122. ši̮late̮ meše̮kad on d̕źeb.}
255 793 942 835 {123. t̕śipan oz ku₍d̕źa̭ś, da va juve̮.}
255 853 918 886 {124. vertte̮m ve̮lnad i̮le̮d̕ź on mun.}
255 912 812 945 {125. viten e̮t̕ike̮s oz vit̕t̕śiśni̮.}
254 972 1354 1013 {126. vit̕śko-dort̕śi bi̮d ki̮n sit t̕śužje̮mi̮ś kujim ur bośte̮ni̮.}
252 1032 854 1065 {127. vok vokli̮ suśedi̮ś ome̮l̕ži̮k.}
255 1092 709 1133 {128. vošti̮śle̮n das grek.}
254 1311 1434 1351 116. Die haare der weiber sind lang, aber ihr verstand
150 1371 312 1404 ist kurz.
254 1430 1356 1471 117. Er bettet weich, aber man schläft [dennoch] hart.
254 1491 1241 1530 118. Wenn du langsam gehst, kommst du weiter.
254 1550 1436 1589 119. Ein mensch, der vor einem bären erschrocken ist, fürch-
150 1610 779 1650 tet sich vor jedem baumstumpf.
254 1670 1255 1710 120. Pür das wort »Danke!» nähe ich keinen pelz.
254 1730 1435 1770 121. Er spricht von einem kranich, der im dürren baume
150 1790 527 1831 sitzt [d. h. er lügt].
254 1849 1433 1889 122. Eine pfrieme kannst du in einem sacke nicht verstecken.
254 1909 1369 1949 123. Die henne pisst nicht, aber wasser trinkt sie doch.
254 1969 1432 2010 124. Mit einem ungefütterten pferde zieht man nicht weit.
255 2029 941 2063 125. Pünf warten nicht auf einen.
256 2088 1434 2129 126. Die kirchdörfler schinden [sogar] für jeden gefrorenen
151 2148 1431 2190 pferdeapfel, den du wegtrittst, [aus den leuten der kleineren dörfer]
150 2209 527 2250 eine kopeke heraus.
256 2269 1180 2303 127. Ein bruder ist schlechter als ein nachbar.
255 2329 1434 2371 128. Derjenige, der [durch diebstahl] etwas verloren hat, hat
151 2390 1056 2431 zehn sünden [auf dem gewissen]. Vgl. nr. 95.
