1807 2982
787 288 912 317 293 —
338 379 1195 424 {stre̮i̭le̮n końerle̮n katšja-śivja ponji̮s vi̮ji̮m,}
339 440 1203 485 {stre̮i̭le̮n końḙrle̮n zarńi-sorsa petuki̮s vi̮ji̮m,}
338 500 1219 545 {stre̮i̭le̮n końḙrle̮n ke̮n-tuś-śera kure̮gi̮s vi̮ji̮m,}
275 560 1167 604 {10. stre̮i̭le̮n końḙrle̮n nal̕im-śera kańi̮s vi̮ji̮m,}
338 622 983 664 {stre̮i̭le̮n końe̮rle̮n bi̮de̮ni̮s vi̮ji̮m!}
339 684 948 726 {stre̮i̭ końe̮r vek kora-doi̭d kare̮,}
340 740 1266 785 {a stre̮i̭le̮n końḙrle̮n babai̮s vek posńi ši̮de̮s ìze̮,}
339 801 1171 844 {stre̮i̭le̮n końḙrle̮n li̮sana-ki̮me̮sa ve̮li̮s abu,}
278 861 1177 904 {15. stre̮i̭le̮n końḙrle̮n bi̮l̕kja-ki̮me̮sa e̮ški̮s abu,}
340 920 1147 964 {stre̮i̭le̮n końe̮rle̮n zarńi-śura mežji̮s abu,}
340 981 1161 1024 {stre̮i̭le̮n końḙrle̮n zarńi-štše̮t̕a porśi̮s abu,}
340 1041 1165 1086 {stre̮i̭le̮n końḙrle̮n katšja-śivja ponji̮s abu,}
342 1102 1169 1144 {stre̮i̭le̮n końḙrle̮n zarńi-sorsa petuki̮s abu,}
278 1161 1189 1204 {20. stre̮i̭le̮n końḙrle̮n ke̮n-tuś-śera kure̮gi̮s abu,}
342 1220 1134 1264 {stre̮i̭le̮n końḙrle̮n nal̕im-śera kańi̮s abu,}
345 1282 970 1324 {stre̮i̭le̮n końe̮rle̮n i babai̮s abu,}
244 1412 1164 1454 der arme stre̮i hat einen krausenhalsigen hund,
243 1472 1097 1513 der arme strei̭ hat einen goldbärtigen hahn,
244 1530 1433 1570 der arme stre̮i hat ein huhn mit hanfsamenbunten sprenkeln,
180 1591 1428 1635 10. der arme stre̮i hat eine katze, die bunt ist wie eine quappe,
245 1652 1104 1694 der arme stre̮i̭ hat alles, was du wünschest!
248 1709 1420 1753 Der arme stre̮i̭ baut sein lebelang an dem sonntagsschlitten,
246 1771 1421 1811 und des armen stre̮is frau mahlt ihr lebelang feine graupen,
246 1829 1462 1876 der arme stre̮i̭ hat [schliesslich] kein sterngestirntes pferd mehr,
182 1889 1464 1935 15. der arme stre̮ihat [schliesslich] keinen weissstirnigen ochsen mehr,
248 1950 1465 1995 der arme stre̮i hat [schliesslich] keinen goldgehörnten widder
1002 2012 1107 2051 mehr,
249 2070 1463 2114 der arme stre̮i hat [schliesslich] kein goldborstiges schwein mehr,
248 2130 1465 2175 der arme stre̮i hat [schliesslich] keinen krausenhalsigen hund
1006 2192 1110 2229 mehr,
249 2249 1464 2293 der arme stre̮i̭ hat [schliesslich] keinen goldbärtigen hahn mehr,
184 2310 1466 2354 20. der arme stre̮i hat [schliesslich] kein hanfsamengesprenkeltes
1004 2371 1225 2409 huhn mehr,
251 2431 1466 2475 der arme stre̮i̭ hat [schliesslich] keine quappenbunte katze mehr,
251 2492 1312 2533 der arme stre̮i hat [schliesslich] auch keine frau mehr,
