1823 2931
990 234 1096 262 118 —
370 326 1658 368 {d̕eduško, d̕eduško, vai̭ meni̮m bi!» starik šue̮: »ńebi̮l̕ne̮i̭ ki̮l ke̮ kužan}
370 386 1660 429 {vi̮śtalni̮, i śeta.» a pi sija kvat̕itas bite̮ i pondas pi̮šje̮dni̮. starik}
370 446 1658 489 {ve̮t̕t̕śis si̮ be̮rśa, je₍dži̮d ìzje̮n girsńitis i pi je₍dži̮d ìzje̮ pe̮ris. — še̮r-}
371 507 1655 549 {kost vokli̮ sid̕ź že̮. — i̮₍dži̮d pi a₍t̕śi̮s munas starik dine̮ i bi koras.}
369 566 1655 610 {starik šue̮: »ńebi̮l̕ne̮i̭ ki̮l ke̮ kužan viśtalni̮, i śeta». a i̮₍dži̮d pi šue̮:}
371 627 839 668 {»kuža» i pondas viśtalni̮:}
472 688 1657 730 {»važe̮n» pe̮ »mi ve̮re̮ kajim pesla i̮₍dži̮d e̮ške̮n. seśśa» pe̮ »me}
368 749 1654 791 {let̕t̕śi̮ni̮ pondi e̮šnad, a e̮ški̮d meam ori. e̮šte̮» pe̮ »me bad̕je̮n vuri.}
369 809 1655 851 {gortad» pe̮ »me let̕t̕śe̮di e̮šte̮ da śove̮di. askinad» pe̮ »me peti i̮llaad,}
369 870 1656 912 {a e̮šśa̭ńi̮d da ńebesae̮d̕ź bad̕ bi̮dme̮ma. seśśa» pe̮ »me i kaji bad̕ ku-}
367 930 1655 972 {źai̮d, a ńebesaad» pe̮ »šue̮ni̮: jona že̮ pe̮ eśke̮ vežlalam gute̮n me̮s-}
370 990 1655 1033 {ke̮n. me» pe̮ »let̕t̕śi da zel una gutte̮ kutali i kate̮di ńebesaad, pondi}
372 1122 1654 1163 man feuer!» Die brüder schicken ihn dahin. Der jüngste knabe
369 1183 1653 1223 geht und kommt bei dem feuer an. An dem feuer sitzt ein
368 1243 1653 1283 ganz weisser greis. Der knabe sagt: »Mein alterchen, mein alter-
373 1303 1654 1344 chen, gib mir feuer!» Der alte sagt: »Wenn du eine unmögliche
368 1363 1653 1405 geschichte erzählen kannst, gebe ich dir [welches].» Der knabe
370 1423 1651 1465 aber rafft feuer an sich und beginnt [es] laufend fortzutragen.
369 1483 1652 1524 Der alte lief hinter ihm her, rieb [ihn] mit einem weissen stein,
368 1544 1654 1578 und der knabe verwandelte sich in einen weissen stein. —
368 1604 1652 1646 Ebenso [erging es] dem mittelsten bruder. — Der älteste knabe
366 1664 1651 1706 geht selber zu dem greis und bittet um feuer. Der greis sagt:
368 1723 1652 1765 »Wenn du mir eine unmögliche geschichte erzählen kannst, gebe
364 1784 1652 1824 ich dir [welches].» Der älteste knabe sagt aber: »[Gewiss] kann
365 1843 1068 1884 ich [das]», und beginnt zu erzählen:
468 1904 1652 1944 »Einmal fuhren wir mit einem grossen ochsen in den wald
364 1964 1651 2004 um brennholz zu holen. Dann begann ich mit dem ochsen zu-
363 2024 1650 2065 rückzukehren, aber [da] riss mir der ochse entzwei. Den ochsen
365 2083 1650 2126 nähte ich mit einer weide [zusammen]. Ich brachte den ochsen
364 2144 1651 2185 nachhause und gab ihm zu fressen. Am folgenden morgen ging
363 2204 1651 2242 ich hinaus, und aus dem ochsen war eine weide bis in den him-
362 2264 1649 2303 mel emporgewachsen. Dann kletterte ich an der weide hinauf,
362 2323 1648 2365 aber im himmel sagen sie: SSehr [gern] würden wir kühe gegen
362 2382 1650 2424 fliegen eintauschen.' Ich liess mich [auf die erde] hinab, fing
360 2442 1645 2484 mir sehr viele fliegen und brachte sie in den himmel hinauf, [und]
