1809 2971
929 261 1035 289 112
356 355 1648 396 {t̕urmai̮ś. seśśa sija munis kare̮. muni̮gas sija zel jona juis. kare̮}
356 416 1309 457 {pi̮ras staruka orde̮. staruka sije̮ verdis i jukte̮dis.}
461 475 1648 518 {sije̮ pe̮rae̮ tsarli̮ś ve̮li ni̮lse̮ mi̮rdje̮ ivan-bogatir. merkurii̭}
356 536 1646 577 {si̮ke̮d pondisni̮ kośa̭śni̮ i merkurii̭ bogatire̮s vermis. seśśa ivan-}
358 596 1645 639 {bogatire̮s merkurii̭ doris tsepte̮ i ke̮rtalis stobje̮. stobjas ve̮li giže̮ma:}
357 657 1648 699 {»kodi munas taja tuje̮di̮s, med sija taja morte̮s dasi̮ś śe̮li̮štas i zorje̮n}
358 718 1648 760 {kut̕śkas.» tsar merkurie̮s zel mi₍t̕śae̮ ki̮še̮dis i śetis si̮li̮ bogatirs-}
358 780 487 813 {ke̮i̭ ve̮l.}
462 840 1645 882 {merkurii̭ munni̮ pondis, munis, munis, vois zel i̮₍dži̮d kerka.}
357 901 1645 943 {mu vi̮las ve̮li i̮₍dži̮d ńe̮l-vudž. merkurii̭ sije̮s zeltis i ši̮bi̮tis kerka}
357 962 1648 1004 {vi̮las. pi̮ris kerkae̮. sete̮n śojis. seśśa kerka vi̮le̮ kajis i ki̮le̮: lokte̮}
358 1022 1646 1064 {joma. merkurii̭ li̮jis sije̮, kerkase̮ sotis a d̕ḙńgase̮ pe̮grebai̭tis.}
462 1084 1646 1126 {seśśa merkurii̭ vois starik orde̮. si̮le̮n ve̮li e̮gradai̮s pese̮ma}
359 1144 1646 1186 {ke̮rte̮n. pi̮ri̮gas merkurii̭ bośtis zel i̮₍dži̮d ìz. kor merkurii̭ pi̮ris,}
358 1204 1646 1245 {starik si̮li̮ś kise̮ koris i zel jona t̕śabi̮rtis. merkurii̭ starik ordi̮n}
360 1337 1648 1378 Auf dem wege trank er tüchtig. In der stadt ging er zu einer
359 1398 1251 1438 alten frau. Die alte speiste und tränkte ihn.
463 1458 1647 1498 Zu dieser zeit wollte lvan bogatir die tochter des zaren
358 1518 1648 1559 rauben. Merkurius und er begannen zu kämpfen und Merkurius
360 1577 1649 1619 besiegte den bogatir. Dann schmiedete Merkurius lvan bogatir
359 1637 1649 1678 in ketten und band ihn an einen pfahl fest. An den pfahl war
359 1698 1647 1739 geschrieben: »Wer diesen weg wandelt, der speie diesen mann
360 1757 1649 1799 zehnmal an und schlage ihn mit einem knüttel.» Der zar liess
361 1818 1647 1859 Merkurius sehr schön ankleiden und gab ihm ein bogatirenpferd.
464 1878 1648 1917 Merkurius machte sich auf die wanderschaft, wanderte und
359 1937 1649 1979 wanderte und gelangte zu einem sehr grossen haus. Auf der erde
360 1998 1646 2039 lag ein grosser bogen. Merkurius spannte ihn und warf ihn [dann]
359 2058 1646 2091 auf das dach des hauses. Er trat in das haus. Dort ass er.
362 2118 1646 2158 Dann kletterte er auf das dach des hauses und hört die joma
360 2178 1648 2217 kommen. Merkurius erschoss sie, brannte das haus nieder und
360 2239 1162 2280 vergrub das [erbeutete] geld in der erde.
465 2298 1648 2339 Dann kam Merkurius zu einem greis. Sein [um das haus
359 2357 1647 2399 aufgerichteter] zaun war aus eisen geschmiedet. Beim eintreten
361 2418 1648 2459 nahm Merkurius einen sehr grossen stein [in die hand]. Als Mer-
361 2478 1649 2519 kurius hineinkam, verlangte der alte seine hand und drückte sie
