1809 2957
917 254 1045 284 – 150
474 346 1654 389 {39. bi̮d kerkai̮n kie̮n ve̮t̕śte̮m (kerte̮m) tor. — t̕śḙl̕-kost. šoni̮d.}
472 407 1179 448 {40. bi̮d kerkai̮n kos se̮₍t̕śe̮n. — e̮ši̮ń.}
473 468 1437 512 {41. bi̮d kerkai̮n le̮me̮ś eški̮n. — pat̕t̕śer (pat̕ś-vi̮v).}
472 528 1323 571 {42. bi̮d kerkai̮n oš-lapa. — pat̕ś-t̕śi̮škan li̮s.}
473 589 1130 632 {43. bi̮d kerkai̮n oš-sitan. — pat̕ś.}
473 650 1255 693 {44. bi̮d kerkai̮n pernate̮m\1\ sar. — pat̕ś,}
472 710 1122 753 {45. bi̮d kerkai̮n pož. — va-pel̕sa.}
472 771 1652 814 {46. bi̮d kerkai̮n śera matren (od: baba). — śume̮da krińt̕śa.}
472 832 1392 873 {47. bi̮d kerkai̮n śinme̮n ad̕d̕źi̮te̮m tor. — šoni̮d.}
473 892 1270 935 {48. bi̮d kerkai̮n śura l̕uba. — pe̮de̮ńt̕śa.}
472 953 1101 993 {49. bi̮d kerkai̮n trubi₍t̕śa. — uv.}
474 1013 1270 1055 {50. bi̮d kerkai̮n t̕śukl̕a kok. — kokol̕uka.}
472 1171 1652 1213 39. In jeder stube ein nicht mit der hand verfertigtes ding.
368 1232 726 1266 — Ritze. Wärme.
471 1295 1567 1336 40. In jeder stube ein trockner fladen. — Das fenster.
471 1356 1655 1396 41. In jeder stube eine krätzige bettdecke. — Der raum
369 1417 638 1449 auf dem ofen.
472 1476 1542 1516 42. In jeder stube eine bärentatze, — Der ofenbesen.
472 1536 1598 1576 43. In jeder stube der hintere eines bären. — Der ofen.
472 1596 1654 1637 44. In jeder stube ein strenger [herzloser, anmassender)\1\
370 1658 701 1690 zar. — Der ofen.
474 1717 1464 1757 45. In jeder stube ein sieb. — Der wasserzuber2.
475 1778 1653 1818 46. In jeder stube eine bunte Matrena (od: eine alte frau).
368 1838 1286 1877 — Der mit birkenrinde umflochtene milchtopf.
472 1898 1603 1939 47. In jeder stube ein unsichtbares ding. — Die wärme.
472 1957 1653 1999 48. In jeder stube eine gehörnte charitas. — Der melkeimer.
472 2018 1655 2057 49. In jeder stube eine zwirnrolle. — Der ast [im wand-
370 2078 518 2118 balken].
471 2136 1654 2177 50. In jeder stube ein krummes bein. — Das schüreisen.
471 2266 1656 2309 \1\ pernate̮m bedeutet eigentlich: wohne kreuz\“\ wer kein halskreuz
368 2320 1123 2359 (an einem band um den hals hängen) hat.
471 2369 1656 2407 2 Der zuber ist „ein sieb“, weil das wasser darin — beim aus-
368 2423 952 2462 schöpfen — unablässig abnimmt.
