1813 2962
928 266 953 295 -
975 266 1016 295 32
1039 281 1082 285 —

350 362 418 393 moi
447 361 554 401 panid
586 361 647 394 Joe:
681 363 744 394 »Sir
746 373 761 394 e
794 361 883 402 fsoje,
915 372 968 394 zev
999 364 1047 394 tai
1078 361 1181 393 lesida
1212 361 1318 394 siian!
1363 373 1453 395 mene
1474 373 1516 394 on
1539 362 1641 395 bost?»

352 421 454 453 »bosta
477 422 558 461 esite,
583 421 624 454 da
648 424 740 463 pjiei
762 422 819 454 ved
840 432 968 454 menam
990 432 1043 454 zev
1066 422 1174 463 i/set.»
1208 432 1271 455 ше
1293 422 1351 455 ved
1367 422 1452 454 lotke
1469 422 1641 464 lapa-tores

352 481 530 523 puktjSta!»
572 485 641 514 moi
662 483 795 523 puksas.
834 482 883 514 Sir
906 483 982 515 hara
1006 483 1099 515 kutas
1121 486 1226 515 sivni':

766 587 828 619 »Sir
851 587 935 626 kjvte
958 588 1037 626 kate,

766 648 956 688 kaJSa-keja
981 652 1038 688 pii
1041 658 1087 680 a.»

353 754 418 792 moi
440 762 622 785 onmovsas.
656 752 706 784 Sir
728 752 804 793 sjljs
831 753 941 793 lapase
964 753 1100 792 vundas,
1125 764 1195 785 asse
1217 753 1340 792 Sibjtas.
1376 753 1453 785 bara
1475 753 1525 785 Sir
1547 753 1641 785 kutas

350 816 457 852 sivni:

768 865 830 896 »Sir
853 865 936 904 kjvte
960 865 1030 898 kate

765 926 956 967 kaJSa-keja
980 930 1069 967 piia,

767 986 924 1027 moi-lapa
946 987 1078 1027 pelisa.»

350 1102 391 1123 uv
419 1091 524 1131 panid
549 1090 609 1123 loe:
635 1091 715 1124 »Sire
737 1090 826 1131 fsoje,
852 1102 904 1123 zev
929 1090 974 1123 tai
997 1090 1100 1131 les'jda
1122 1091 1227 1130 siian!
1273 1101 1362 1124 mene
1385 1103 1426 1124 on
1450 1092 1550 1124 bost?»
1592 1092 1641 1123 Sir

351 1152 422 1184 Sue:
448 1151 549 1184 »bosta
573 1151 654 1189 eske,
677 1152 719 1184 da
741 1153 831 1191 p/Sei
853 1151 910 1184 ved
930 1162 982 1184 zev
1005 1151 1118 1192 i/set!»
1160 1162 1198 1184 ur
1221 1152 1352 1192 puksas.
1387 1152 1432 1192 Sir
1453 1152 1528 1184 bara
1546 1152 1639 1184 kutas

456 1293 520 1325 Ein
552 1292 648 1325 biber
677 1293 809 1324 kommt
840 1292 891 1324 ihr
914 1295 1091 1333 entgegen:
1128 1293 1248 1331 »Maus,
1272 1293 1360 1325 mein
1384 1293 1638 1331 schwesterlein,

351 1363 410 1395 gar
439 1353 541 1386 schön
566 1352 672 1393 singst
695 1353 756 1385 du!
807 1353 953 1385 Nimmst
978 1354 1023 1385 du
1047 1353 1134 1385 mich
1159 1354 1252 1386 nicht
1275 1354 1376 1387 mit?»
1420 1354 1493 1386 »Ich
1518 1354 1640 1386 nähme

355 1414 434 1446 dich
462 1414 559 1452 wohl,
585 1415 665 1446 aber
685 1414 775 1445 mein
798 1414 880 1446 boot
904 1414 947 1446 ist
970 1414 1005 1454 ja
1028 1424 1086 1454 gar
1109 1423 1145 1446 so
1168 1415 1284 1447 klein.»
1328 1416 1403 1447 »Ich
1425 1415 1495 1455 lege
1519 1414 1554 1454 ja
1577 1424 1640 1446 nur

350 1473 459 1507 meine
496 1473 604 1506 kleine
639 1473 731 1513 pfote
770 1473 813 1514 [in
843 1474 902 1506 das
925 1474 1053 1514 boot]!»
1100 1475 1165 1506 Der
1187 1474 1282 1507 biber
1305 1476 1391 1506 setzt
1415 1474 1484 1506 sich
1511 1474 1555 1513 [in
1580 1474 1640 1505 das

352 1535 458 1573 boot].
508 1534 568 1566 Die
591 1542 688 1565 maus
710 1533 806 1574 fängt
830 1534 951 1566 wieder
973 1543 1015 1566 an
1040 1544 1080 1566 zu
1104 1534 1233 1574 singen:

560 1637 636 1669 »Die
659 1646 755 1669 maus
779 1638 869 1669 fährt
894 1638 1133 1675 flussabwärts,
1160 1638 1412 1677 flussaufwärts,

558 1697 592 1729 in
618 1698 706 1729 ’nem
728 1698 810 1729 boot
835 1707 895 1730 aus
920 1699 996 1731 dem
1020 1698 1193 1730 brustbein
1218 1699 1276 1730 der
1300 1698 1424 1731 elster.»

456 1802 523 1832 Der
544 1801 640 1833 biber
664 1801 785 1833 schläft
810 1800 873 1834 ein.
912 1801 971 1833 Die
995 1811 1091 1834 maus
1115 1801 1288 1834 schneidet
1312 1801 1381 1832 ihm
1404 1801 1456 1834 die
1474 1802 1567 1841 pfote
1583 1801 1637 1840 ab,

351 1862 414 1893 den
440 1861 536 1893 biber
559 1862 663 1893 selbst
686 1861 776 1893 wirft
800 1861 846 1894 sie
874 1861 935 1901 [ins
958 1863 1103 1901 wasser].
1147 1862 1280 1894 Wieder
1302 1860 1442 1901 beginnt
1466 1860 1518 1893 die
1542 1870 1639 1893 maus

351 1930 390 1952 zu
415 1920 547 1960 singen:

558 1997 635 2029 »Die
659 2007 755 2029 maus
782 1997 871 2030 fährt
896 1998 1137 2037 flussabwärts,
1161 1998 1416 2037 flussaufwärts,

557 2058 592 2089 in
619 2057 705 2090 ’nem
729 2058 811 2089 boot
836 2066 895 2090 aus
920 2058 996 2090 dem
1019 2058 1194 2090 brustbein
1219 2059 1276 2090 der
1300 2058 1408 2097 elster,

559 2118 621 2149 mit
646 2118 733 2149 ’nem
757 2119 858 2150 rüder
881 2127 941 2150 aus
966 2119 1023 2150 der
1047 2118 1140 2158 pfote
1164 2119 1221 2150 des
1243 2118 1382 2150 bibers.»

456 2220 519 2252 Ein
544 2220 703 2252 eichhorn
725 2222 858 2253 kommt
882 2221 951 2253 ihm
976 2224 1154 2262 entgegen:
1187 2222 1308 2259 »Maus,
1333 2221 1422 2253 mein
1445 2222 1639 2253 schwester¬

352 2280 427 2319 lein,
452 2289 511 2320 gar
534 2280 636 2313 schön
660 2281 766 2321 singst
791 2282 852 2313 du!
889 2282 1036 2314 Nimmst
1054 2283 1098 2314 du
1115 2281 1204 2313 mich
1220 2281 1314 2313 nicht
1330 2282 1432 2314 mit?»
1466 2281 1526 2313 Die
1542 2289 1638 2313 maus

350 2342 440 2380 sagt:
472 2341 545 2372 »Ich
569 2342 691 2374 nähme
715 2343 790 2375 dich
815 2342 910 2380 wohl,
936 2343 1015 2374 aber
1038 2342 1126 2374 mein
1152 2343 1232 2374 boot
1256 2342 1299 2375 ist
1322 2343 1357 2382 ja
1381 2352 1438 2382 gar
1462 2351 1498 2374 so
1521 2342 1638 2374 klein.»

353 2401 420 2432 Das
453 2400 611 2433 eichhorn
635 2405 721 2434 setzt
745 2402 817 2434 sich
845 2403 889 2442 [in
913 2403 973 2434 das
998 2403 1104 2442 boot].
1153 2403 1213 2434 Die
1236 2411 1332 2435 maus
1355 2402 1494 2442 beginnt
1516 2402 1638 2434 wieder

350 2470 391 2492 zu
422 2460 546 2500 singen.
596 2462 663 2493 Das
694 2462 850 2494 eichhorn
883 2462 1005 2494 schläft
1039 2463 1100 2494 ein.
1152 2463 1211 2494 Die
1239 2472 1336 2495 maus
1364 2462 1536 2495 schneidet
1561 2463 1637 2494 dem
