1822 2953
906 250 1073 278 — 110 —
612 342 1225 384 {še̮vk-tupi̮l̕jaste̮ śeti ńin, śeti ńin,}
612 402 1419 444 {zarńia vurśan-pal̕i₍t̕śate̮ śeti ńin, śeti ńin.»}
461 496 1645 539 {pipili̮sti̮ drug t̕śḙt̕t̕śis, bośtis ni̮le̮s, i naja pi̮šjisni̮ bat-ma-}
355 556 1452 600 {mi̮s orde̮. seśśa ve̮l̕iś pipili̮sti̮ ge̮traśis i₍t̕śe̮t ni̮v vi̮las.}
892 765 1107 800 C. Pečora.
975 865 1026 895 37.
635 939 1370 981 {ki̮k ni̮l, śedun da ke̮rt-pińajas.}
459 1025 1642 1067 {važe̮n ole̮ni̮ vi̮le̮ni̮ krest̕a̭ńiń gozja. nale̮n ve̮li ki̮k ni̮l i śedun.}
356 1086 1643 1127 {e̮t̕iklai̮n ve̮li ve₍t̕śer. ki̮k ni̮li̮d pondisni̮ set̕t̕śe̮ munni̮. śḙśśa śedun}
355 1146 1643 1187 {šuis: »mene̮ da i nue!» śḙśśa ki̮k ni̮li̮d dod̕d̕alisni̮ ve̮le̮s i munisni̮.}
355 1206 1643 1248 {śḙśśa loktisni̮ ve₍t̕śere̮. śedun kajis pe̮lat̕e̮, a ki̮k ni̮l pondisni̮ je̮kti̮ni̮.}
356 1339 1644 1381 die seidenknäuel habe ich schon weggegeben, schon weggegeben,
357 1400 1644 1442 den goldenen nährahmen habe ich schon weggegeben, schon weg-
1081 1459 1255 1499 gegeben.»
459 1544 1644 1586 plötzlich sprang der Pipilysty auf, nahm das mädchen, und
356 1604 1642 1647 sie entflohen zu ihren eltern. Erst dann heiratete der Pipilysty
356 1666 780 1706 die jüngste schwester.
1312 1710 1541 1749 (Kortkeros.)
975 1815 1026 1844 37.
475 1890 1526 1928 Die beiden mädchen, der lahme und die
861 1950 1144 1983 eisenzähne.
457 2035 1640 2076 Vor langen zeiten lebte einmal ein bauer mit seiner frau.
356 2096 1640 2135 Sie hatten zwei töchter und einen lahmen [sohn]. An einem ort
356 2155 1640 2196 war eine abendunterhaltung. Die beiden mädchen wollten dahin
355 2214 1642 2256 gehen. Da sagte der lahme: »Nehmt doch auch mich mit!»
356 2275 1641 2315 Dann spannten die beiden mädchen das pferd vor den schlitten
355 2336 1640 2377 und machten sich [mit dem lahmen] auf. Dann gelangten sie zu
356 2395 1645 2436 der abendunterhaltung. Der lahme kletterte auf das schlafge-
354 2456 1639 2496 rüst, die beiden mädchen aber fingen an zu tanzen. Da sagte
