1830 2958
935 244 957 272 -
982 244 1020 272 26

357 337 452 368 kulas
484 337 523 369 da
558 337 639 370 l'eikä
674 338 746 371 orde
776 338 915 380 pjralas.
961 339 1022 380 sije
1049 340 1109 371 sili
1130 345 1214 372 setas
1235 340 1430 372 sir-fsuman
1454 341 1495 373 da
1518 342 1579 374 zud
1601 342 1642 374 da

357 397 397 429 zu
420 397 433 429 i
454 397 527 432 Sue:
552 403 593 430 Me
615 410 751 437 munan,
777 399 817 440 da
840 399 1045 440 jomaisli
1065 400 1120 433 Su:
1147 400 1198 441 ’jo
1210 412 1270 433 ma
1294 401 1387 440 letka,
1412 401 1453 442 jo
1462 413 1494 434 ui
1504 413 1523 434 a
1548 402 1564 433 f
1561 402 1641 440 etkä,

358 458 456 498 fsojid
482 459 569 491 koris
595 460 707 492 Serdin
723 470 745 493 .»
787 463 844 492 niv
874 461 1002 501 munas.
1049 461 1160 501 joma
1183 461 1276 494 Suas:
1300 466 1344 494 »le
1364 462 1490 502 Soi/siSt
1493 474 1499 501 ,
1523 473 1572 502 me
1594 474 1644 502 ge¬

359 521 394 561 he
396 525 420 561 f
417 531 451 553 se
474 520 609 561 pirala.»

462 581 575 622 joma
599 581 670 614 seni
694 582 787 614 kulas
810 581 905 622 pirise
929 583 1060 615 kesiini,
1095 593 1117 615 n
1122 582 1145 615 il
1151 583 1183 615 id
1198 583 1211 615 i
1227 582 1313 624 kjlas
1328 583 1342 616 i
1357 583 1484 624 piSjini
1501 584 1642 625 pondas:

358 643 492 678 e,dzesid
518 653 553 674 oz
575 643 677 674 inssi!
722 642 784 683 sije
807 643 896 684 vijen
917 644 1096 682 mavtiStas,
1120 644 1256 677 eM'zesid
1279 644 1291 676 i
1314 645 1432 686 vos's'as.
1479 650 1578 686 pelas,
1603 646 1641 677 da

360 703 467 743 kaijas
498 713 533 734 oz
565 703 685 735 ledzni:
712 703 801 736 sinse
830 704 965 744 perjeni.
1011 704 1072 744 sije
1095 704 1165 736 naii
1185 706 1371 746 nqn-Somes
1392 711 1486 738 setas.
1531 706 1608 746 sijes
1632 718 1642 738 г

358 763 522 797 le.dzasni.
568 768 622 795 niv
655 763 762 804 piSjas
794 764 833 796 da
866 764 983 805 pjSjas.
1028 765 1140 805 joma
1174 766 1244 805 gebe
1245 767 1271 805 f
1267 777 1282 798 s
1288 770 1316 798 is
1348 772 1451 807 pelas:
1484 770 1542 798 niv
1565 767 1643 799 abu!

359 825 489 864 e,d'z$ses
522 824 615 856 kulas
648 824 751 857 vidni:
785 825 892 864 »mjila
927 826 953 857 te
986 825 1133 859 le.d'zin?»
1178 837 1201 866 e,
1203 826 1277 859 dies
1307 826 1379 859 Sue:
1413 837 1475 859 »me
1499 832 1525 859 te
1548 828 1645 859 ordin

358 884 517 917 neiä'min
549 896 583 916 ro
607 885 651 917 oli
674 885 712 917 da
739 891 764 917 te
788 896 828 917 en
850 897 895 918 na
921 896 1012 919 mene
1038 886 1157 919 ziriStli
1184 887 1337 919 ne-eftsid
1341 887 1368 928 /»
1412 887 1501 928 pelas
1531 887 1643 927 joma

359 945 444 985 jvlae
447 946 455 985 ,
479 946 573 978 kulas
597 946 739 987 kaijases
762 946 870 979 vidni:
896 947 935 979 »li
956 947 1051 979 miila
1076 947 1154 987 sijes
1178 947 1390 989 le^d'zinnid?»
1423 948 1483 981 »mi
1508 955 1533 981 te
1549 949 1645 987 ordin

358 1008 520 1040 neiä'min
542 1017 580 1039 vo
604 1006 691 1046 olim,
715 1007 757 1040 da
780 1018 818 1039 en
844 1019 883 1039 na
908 1008 1122 1048 nqn-Someste
1142 1008 1248 1049 selli!»
1279 1009 1392 1049 joma
1415 1012 1550 1042 vetTsini
1565 1020 1644 1049 pon-

359 1067 411 1100 dis
443 1072 496 1100 niv
528 1068 651 1109 bersqri.
700 1068 808 1101 vetfsis
838 1069 878 1100 da
909 1068 1018 1102 velfsis
1042 1069 1054 1101 i
1077 1072 1158 1109 sunj
1180 1070 1308 1110 pondis.
1355 1075 1411 1102 niv
1433 1080 1506 1103 zuse
1527 1070 1645 1111 S/bilas

360 1209 441 1241 aber
463 1219 504 1241 zu
527 1210 586 1242 der
612 1210 827 1251 [bekannten]
856 1213 912 1243 tan
917 1212 960 1243 te.
999 1211 1094 1243 Diese
1117 1211 1190 1252 gibt
1214 1211 1283 1244 ihm
1308 1212 1360 1243 ein
1382 1213 1531 1250 teerfass,
1550 1212 1643 1243 einen

360 1269 532 1302 Wetzstein
558 1271 626 1302 und
644 1270 715 1302 eine
732 1271 846 1303 bürste
863 1272 931 1303 und
949 1274 1036 1311 sagt:
1056 1272 1140 1304 »Geh
1159 1273 1202 1303 du
1223 1271 1295 1312 [eig.
1315 1273 1356 1304 du
1375 1272 1482 1312 gehst]
1501 1272 1559 1304 hin
1579 1273 1645 1303 und

360 1339 437 1369 sage
462 1340 501 1362 zu
529 1331 599 1371 [der
622 1331 778 1372 anderen]
801 1331 902 1372 joma:
930 1331 1036 1372 'taute
1059 1332 1155 1372 joma,
1182 1332 1277 1373 tante
1295 1332 1393 1373 joma,
1410 1331 1507 1364 deine
1524 1332 1647 1364 Schwe¬

360 1393 429 1423 ster
452 1392 511 1423 hat
539 1391 638 1431 [dich]
666 1400 723 1423 um
747 1390 799 1424 die
823 1391 933 1424 worfel
958 1392 1139 1432 gebeten’.»
1175 1393 1242 1424 Das
1258 1392 1423 1425 mädchen
1440 1393 1555 1424 macht
1577 1392 1643 1424 sich

360 1452 428 1483 auf.
478 1450 538 1491 Die
572 1450 660 1491 joma
694 1453 784 1491 sagt:
821 1452 912 1483 »Ruh
947 1452 1021 1483 dich
1053 1452 1104 1484 ein
1127 1453 1234 1493 wenig
1257 1461 1326 1491 aus,
1352 1452 1404 1484 ich
1429 1452 1560 1492 springe
1584 1461 1648 1484 nur

362 1513 394 1544 in
418 1513 482 1544 den
508 1512 609 1544 keller
631 1511 818 1544 hinunter.»
857 1512 917 1552 Die
940 1512 1025 1552 joma
1050 1513 1189 1552 beginnt
1213 1513 1361 1544 daselbst
1384 1511 1454 1544 ihre
1477 1513 1582 1544 zähne
1606 1521 1646 1544 zu

362 1576 497 1605 wetzen.
539 1574 606 1605 Das
635 1572 800 1605 mädchen
825 1573 902 1605 hört
923 1581 956 1604 es
980 1574 1046 1605 und
1072 1573 1136 1605 will
1162 1573 1357 1606 entfliehen:
1386 1573 1488 1613 [aber]
1516 1574 1568 1606 die
1592 1575 1647 1605 für

361 1634 440 1673 geht
469 1634 561 1665 nicht
586 1634 660 1666 auf!
707 1633 759 1666 Sie
782 1632 940 1666 schmiert
972 1633 1040 1673 [sie]
1067 1634 1128 1665 mit
1152 1635 1277 1672 butter,
1306 1635 1386 1674 [und
1410 1634 1464 1673 da]
1491 1634 1569 1673 geht
1593 1633 1647 1665 die

362 1697 418 1725 für
442 1694 527 1726 auch
551 1694 619 1725 auf.
655 1693 708 1725 Sie
731 1694 809 1733 geht
834 1694 965 1732 hinaus,
990 1695 1070 1726 aber
1093 1695 1136 1726 da
1160 1694 1266 1726 lassen
1292 1694 1337 1726 sie
1360 1694 1414 1726 die
1438 1694 1533 1734 vögel
1553 1693 1647 1726 nicht

362 1755 484 1787 durch:
521 1754 567 1785 sie
591 1754 705 1786 wollen
736 1754 808 1794 [ihr]
836 1755 888 1786 die
913 1763 1018 1794 äugen
1044 1755 1239 1787 ausreissen.
1289 1753 1341 1786 Sie
1365 1754 1438 1794 gibt
1462 1754 1560 1786 ihnen
1589 1754 1648 1794 [als

361 1814 557 1854 lockspeise]
585 1814 678 1847 einen
705 1815 884 1855 teigzuber.
935 1816 983 1847 Da
1008 1816 1115 1847 lassen
1140 1815 1185 1847 sie
1213 1815 1281 1854 [sie]
1308 1815 1393 1846 auch
1417 1815 1531 1846 durch.
1580 1815 1648 1846 Das

361 1875 526 1907 mädchen
560 1874 668 1913 flieht,
702 1883 768 1907 was
801 1884 834 1907 es
865 1876 966 1907 kann.
1015 1875 1075 1914 Die
1106 1875 1193 1914 joma
1226 1875 1326 1914 steigt
1358 1884 1419 1907 aus
1448 1875 1524 1906 dem
1548 1874 1649 1905 keller

363 1935 496 1967 hervor:
528 1936 588 1967 das
620 1936 783 1967 mädchen
814 1934 858 1967 ist
888 1935 1170 1968 verschwunden!
1215 1934 1267 1966 Sie
1291 1935 1430 1975 beginnt
1453 1935 1506 1966 die
1530 1936 1585 1966 tür
1608 1943 1648 1965 zu

362 1996 526 2027 schelten:
552 1996 704 2027 »Warum
728 1996 805 2027 hast
831 1997 875 2027 du
901 2005 934 2027 es
958 1995 1255 2036 durchgelassen?»
1296 1995 1357 2027 Die
1378 1997 1435 2026 tür
1457 1996 1548 2034 sagt:
1574 1995 1648 2026 »Ich

362 2055 418 2086 bin
445 2065 513 2087 nun
536 2055 659 2095 vierzig
683 2055 777 2094 jahre
801 2054 854 2086 bei
878 2055 938 2094 dir,
965 2056 1031 2087 und
1050 2056 1094 2087 du
1112 2056 1188 2087 hast
1204 2054 1293 2086 mich
1311 2055 1395 2086 noch
1412 2054 1488 2086 kein
1507 2054 1649 2094 einziges

362 2116 429 2147 mal
452 2116 682 2156 geschmiert!»
718 2116 778 2157 Die
800 2128 887 2157 joma
912 2116 989 2156 geht
1014 2115 1134 2148 hinaus
1160 2116 1251 2155 [und]
1271 2115 1409 2154 beginnt
1426 2114 1478 2146 die
1496 2114 1592 2154 vögel
1608 2123 1648 2146 zu

362 2176 528 2208 schelten:
554 2176 706 2208 »Warum
725 2176 811 2209 habt
830 2176 880 2208 ihr
897 2176 942 2208 sie
960 2176 1256 2215 durchgelassen?»
1289 2174 1373 2207 »Wir
1389 2175 1461 2207 sind
1480 2184 1547 2206 nun
1567 2174 1650 2206 vier¬

362 2237 413 2276 zig
436 2236 530 2276 jahre
556 2236 608 2268 bei
631 2236 692 2274 dir,
720 2238 788 2268 und
813 2238 857 2269 du
882 2237 959 2268 hast
984 2244 1046 2269 uns
1068 2236 1155 2269 noch
1183 2236 1270 2276 [kein
1294 2235 1373 2275 mal]
1400 2236 1463 2267 den
1480 2235 1651 2273 teigzuber

362 2297 542 2336 gegeben!»
597 2297 657 2337 Die
695 2297 783 2337 joma
822 2298 954 2337 begann
989 2297 1065 2328 dem
1098 2297 1262 2328 mädchen
1296 2296 1551 2328 nachzusetzen.
1596 2294 1650 2327 Sie

362 2360 449 2389 setzt
484 2358 552 2389 ihm
588 2358 685 2396 nach,
718 2367 786 2390 was
817 2358 863 2390 sie
896 2366 1043 2397 vermag,
1067 2358 1136 2389 und
1160 2357 1300 2396 beginnt
1323 2365 1357 2388 es
1387 2356 1513 2396 [schon]
1540 2355 1650 2386 einzu¬

362 2417 471 2449 holen.
520 2418 587 2449 Das
622 2418 788 2451 mädchen
824 2418 911 2450 wirft
943 2418 1031 2449 seine
1066 2418 1183 2449 bürste
1213 2416 1336 2457 [hinter
1358 2415 1439 2455 sich]
1468 2416 1536 2447 und
1559 2416 1648 2454 sagt:
