<?xml version="1.0" encoding="UTF-8" standalone="yes"?>
<PcGts xmlns="http://schema.primaresearch.org/PAGE/gts/pagecontent/2013-07-15" xmlns:xsi="http://www.w3.org/2001/XMLSchema-instance" xsi:schemaLocation="http://schema.primaresearch.org/PAGE/gts/pagecontent/2013-07-15 http://schema.primaresearch.org/PAGE/gts/pagecontent/2013-07-15/pagecontent.xsd">
    <Metadata>
        <Creator>prov=University of Rostock/Institute of Mathematics/CITlab|PLANET AI GmbH/Gundram Leifert/gundram.leifert@planet-ai.de:name=SUST_38-05(htr_id=25505)::::v=2.6.6
prov=University of Rostock/Institute of Mathematics/CITlab|PLANET AI GmbH/Tobias Gruening/tobias.gruening@planet-ai.de:name=de.uros.citlab.module.baseline2polygon.B2PSeamMultiOriented:v=2.6.6
Transkribus</Creator>
        <Created>2020-08-10T09:45:48.102+02:00</Created>
        <LastChange>2020-08-10T10:17:58.757+02:00</LastChange>
        <Comments>
                Measurement unit: pixel
                PrimaryLanguage: English
                Language: GermanStandard
                Language: Finnish
                Language: RussianOldSpelling
                Producer: Transkribus
            </Comments>
        <TranskribusMetadata docId="441749" pageId="17943712" pageNr="226" tsid="36490230" status="GT" userId="17326" imgUrl="https://files.transkribus.eu/Get?id=RENPVKDCPCSBFQEHLSRJAXGP&amp;fileType=view" xmlUrl="https://files.transkribus.eu/Get?id=BUWBRJNQKTRNCCPNQYXRCZMF" imageId="13587736"/>
    </Metadata>
    <Page imageFilename="SUST_38-0226.jpg" imageWidth="1817" imageHeight="2962">
        <PrintSpace>
            <Coords points="353,258 1642,258 1642,2520 353,2520"/>
        </PrintSpace>
        <ReadingOrder>
            <OrderedGroup id="ro_1607953402227" caption="Regions reading order">
                <RegionRefIndexed index="0" regionRef="r_1_1"/>
                <RegionRefIndexed index="1" regionRef="r_2_1"/>
                <RegionRefIndexed index="2" regionRef="r_2_2"/>
                <RegionRefIndexed index="3" regionRef="r_2_3"/>
                <RegionRefIndexed index="4" regionRef="r_2_4"/>
                <RegionRefIndexed index="5" regionRef="r_2_5"/>
                <RegionRefIndexed index="6" regionRef="r_3_1"/>
                <RegionRefIndexed index="7" regionRef="r_3_2"/>
                <RegionRefIndexed index="8" regionRef="r_3_3"/>
                <RegionRefIndexed index="9" regionRef="r_3_4"/>
            </OrderedGroup>
        </ReadingOrder>
        <TextRegion type="paragraph" id="r_1_1" custom="readingOrder {index:0;}">
            <Coords points="969,264 1100,264 1100,295 969,295"/>
            <TextLine id="tl_1" primaryLanguage="German" custom="readingOrder {index:0;}">
                <Coords points="970,265 1099,265 1099,294 970,294"/>
                <Baseline points="970,294 988,294 1099,285"/>
                <TextEquiv>
                    <Unicode>216 —</Unicode>
                </TextEquiv>
            </TextLine>
            <TextEquiv>
                <Unicode>216 —</Unicode>
            </TextEquiv>
        </TextRegion>
        <TextRegion type="paragraph" id="r_2_1" custom="readingOrder {index:1;}">
            <Coords points="625,355 1230,355 1230,580 625,580"/>
            <TextLine id="tl_2" primaryLanguage="English" custom="readingOrder {index:0;}">
                <Coords points="626,356 1106,356 1106,397 626,397"/>
                <Baseline points="626,389 638,389 762,388 905,395 1106,389"/>
                <TextEquiv>
                    <Unicode>{5. gi̮ri̮ś ni̮vjas, mai̭bi̮rjas}</Unicode>
                </TextEquiv>
            </TextLine>
            <TextLine id="tl_3" primaryLanguage="English" custom="readingOrder {index:1;}">
                <Coords points="678,416 1105,416 1105,458 678,458"/>
                <Baseline points="678,457 795,449 952,449 1105,456"/>
                <TextEquiv>
                    <Unicode>{požje̮n dži̮nje̮n votisni̮,}</Unicode>
                </TextEquiv>
                <TextStyle fontFamily="Times New Roman" fontSize="8.5" bold="true" italic="true"/>
            </TextLine>
            <TextLine id="tl_4" primaryLanguage="English" custom="readingOrder {index:2;}">
                <Coords points="675,477 1229,477 1229,516 675,516"/>
                <Baseline points="675,510 725,510 830,509 940,516 997,510 1064,491 1229,509"/>
                <TextEquiv>
                    <Unicode>{me i₍t̕śe̮t mort, me d̕źe̮l̕a mort}</Unicode>
                </TextEquiv>
            </TextLine>
            <TextLine id="tl_5" primaryLanguage="English" custom="readingOrder {index:3;}">
                <Coords points="678,538 1066,538 1066,579 678,579"/>
                <Baseline points="678,570 813,570 969,570 1066,570"/>
                <TextEquiv>
                    <Unicode>{ki-ti̮re̮n dži̮nje̮n voti.}</Unicode>
                </TextEquiv>
                <TextStyle fontFamily="Times New Roman" fontSize="8.5" bold="true" italic="true"/>
            </TextLine>
            <TextEquiv>
                <Unicode>{5. gi̮ri̮ś ni̮vjas, mai̭bi̮rjas}
{požje̮n dži̮nje̮n votisni̮,}
{me i₍t̕śe̮t mort, me d̕źe̮l̕a mort}
{ki-ti̮re̮n dži̮nje̮n voti.}</Unicode>
            </TextEquiv>
        </TextRegion>
        <TextRegion type="paragraph" id="r_2_2" custom="readingOrder {index:2;}">
            <Coords points="674,631 1113,631 1113,675 674,675"/>
            <TextLine id="tl_6" primaryLanguage="English" custom="readingOrder {index:0;}">
                <Coords points="675,632 1112,632 1112,674 675,674"/>
                <Baseline points="675,673 758,665 902,672 1112,672"/>
                <TextEquiv>
                    <Unicode>{gi̮ri̮ś ni̮vjas, mai̭bi̮rjas,}</Unicode>
                </TextEquiv>
                <TextStyle fontFamily="Times New Roman" fontSize="8.5" bold="true" italic="true"/>
            </TextLine>
            <TextEquiv>
                <Unicode>{gi̮ri̮ś ni̮vjas, mai̭bi̮rjas,}</Unicode>
            </TextEquiv>
        </TextRegion>
        <TextRegion type="paragraph" id="r_2_3" custom="readingOrder {index:3;}">
            <Coords points="612,692 1233,692 1233,856 612,856"/>
            <TextLine id="tl_7" primaryLanguage="English" custom="readingOrder {index:0;}">
                <Coords points="613,693 1138,693 1138,734 613,734"/>
                <Baseline points="613,727 621,727 743,726 878,726 969,726 987,711 1138,733"/>
                <TextEquiv>
                    <Unicode>{10. tom zonjas saje̮ ·munini̮;}</Unicode>
                </TextEquiv>
            </TextLine>
            <TextLine id="tl_8" primaryLanguage="English" custom="readingOrder {index:1;}">
                <Coords points="674,754 1232,754 1232,794 674,794"/>
                <Baseline points="674,786 707,786 761,786 943,793 999,787 1065,768 1232,786"/>
                <TextEquiv>
                    <Unicode>{me i₍t̕śe̮t mort, me d̕źe̮l̕a mort}</Unicode>
                </TextEquiv>
            </TextLine>
            <TextLine id="tl_9" primaryLanguage="English" custom="readingOrder {index:2;}">
                <Coords points="675,814 996,814 996,855 675,855"/>
                <Baseline points="675,847 778,848 869,847 996,848"/>
                <TextEquiv>
                    <Unicode>{starik saje̮ muni.}</Unicode>
                </TextEquiv>
                <TextStyle fontFamily="Times New Roman" fontSize="8.5" bold="true" italic="true"/>
            </TextLine>
            <TextEquiv>
                <Unicode>{10. tom zonjas saje̮ ·munini̮;}
{me i₍t̕śe̮t mort, me d̕źe̮l̕a mort}
{starik saje̮ muni.}</Unicode>
            </TextEquiv>
        </TextRegion>
        <TextRegion type="paragraph" id="r_2_4" custom="readingOrder {index:4;}">
            <Coords points="612,899 1342,899 1342,1122 612,1122"/>
            <TextLine id="tl_10" primaryLanguage="English" custom="readingOrder {index:0;}">
                <Coords points="675,900 1201,900 1201,942 675,942"/>
                <Baseline points="675,942 759,932 953,940 1201,934"/>
                <TextEquiv>
                    <Unicode>{gi̮ri̮ś ni̮vjasle̮n, mai̭bi̮rjasle̮n}</Unicode>
                </TextEquiv>
                <TextStyle fontFamily="Times New Roman" fontSize="8.5" bold="true" italic="true"/>
            </TextLine>
            <TextLine id="tl_11" primaryLanguage="English" custom="readingOrder {index:1;}">
                <Coords points="674,961 1341,961 1341,1003 674,1003"/>
                <Baseline points="674,994 870,994 1013,1001 1167,992 1341,1002"/>
                <TextEquiv>
                    <Unicode>{muži̮kjasi̮s uravni̮ ve̮ravni̮ munini̮:}</Unicode>
                </TextEquiv>
                <TextStyle fontFamily="Times New Roman" fontSize="8.5" bold="true" italic="true"/>
            </TextLine>
            <TextLine id="tl_12" primaryLanguage="English" custom="readingOrder {index:2;}">
                <Coords points="613,1022 1216,1022 1216,1060 613,1060"/>
                <Baseline points="613,1054 623,1054 804,1056 938,1060 1091,1055 1216,1056"/>
                <TextEquiv>
                    <Unicode>15. menam starik, menam starik}</Unicode>
                </TextEquiv>
            </TextLine>
            <TextLine id="tl_13" primaryLanguage="English" custom="readingOrder {index:3;}">
                <Coords points="678,1082 960,1082 960,1121 678,1121"/>
                <Baseline points="678,1114 690,1114 756,1121 815,1116 960,1115"/>
                <TextEquiv>
                    <Unicode>tše̮tš že̮ ve̮t̕t̕śis.}</Unicode>
                </TextEquiv>
                <TextStyle fontFamily="Times New Roman" fontSize="8.5" bold="true" italic="true"/>
            </TextLine>
            <TextEquiv>
                <Unicode>{gi̮ri̮ś ni̮vjasle̮n, mai̭bi̮rjasle̮n}
{muži̮kjasi̮s uravni̮ ve̮ravni̮ munini̮:}
15. menam starik, menam starik}
tše̮tš že̮ ve̮t̕t̕śis.}</Unicode>
            </TextEquiv>
        </TextRegion>
        <TextRegion type="paragraph" id="r_2_5" custom="readingOrder {index:5;}">
            <Coords points="610,1167 1320,1167 1320,1392 610,1392"/>
            <TextLine id="tl_14" primaryLanguage="English" custom="readingOrder {index:0;}">
                <Coords points="674,1168 1204,1168 1204,1210 674,1210"/>
                <Baseline points="674,1209 755,1201 952,1208 1204,1201"/>
                <TextEquiv>
                    <Unicode>{gi̮ri̮ś ni̮vjasle̮n, mai̭bi̮rjasle̮n}</Unicode>
                </TextEquiv>
                <TextStyle fontFamily="Times New Roman" fontSize="8.5" bold="true" italic="true"/>
            </TextLine>
            <TextLine id="tl_15" primaryLanguage="English" custom="readingOrder {index:1;}">
                <Coords points="674,1228 1319,1228 1319,1270 674,1270"/>
                <Baseline points="674,1262 869,1262 1051,1262 1180,1262 1319,1268"/>
                <TextEquiv>
                    <Unicode>{muži̮kjasi̮s vaje̮mae̮ś kujim ur-ku;}</Unicode>
                </TextEquiv>
                <TextStyle fontFamily="Times New Roman" fontSize="8.5" bold="true" italic="true"/>
            </TextLine>
            <TextLine id="tl_16" primaryLanguage="English" custom="readingOrder {index:2;}">
                <Coords points="674,1289 1215,1289 1215,1328 674,1328"/>
                <Baseline points="674,1322 803,1322 938,1328 1091,1322 1215,1322"/>
                <TextEquiv>
                    <Unicode>{menam starik, menam starik}</Unicode>
                </TextEquiv>
                <TextStyle fontFamily="Times New Roman" fontSize="8.5" bold="true" italic="true"/>
            </TextLine>
            <TextLine id="tl_17" primaryLanguage="English" custom="readingOrder {index:3;}">
                <Coords points="611,1349 1033,1349 1033,1391 611,1391"/>
                <Baseline points="611,1382 623,1382 784,1383 916,1383 1033,1383"/>
                <TextEquiv>
                    <Unicode>{20. kujim ši̮r-ku vajis.}</Unicode>
                </TextEquiv>
            </TextLine>
            <TextEquiv>
                <Unicode>{gi̮ri̮ś ni̮vjasle̮n, mai̭bi̮rjasle̮n}
{muži̮kjasi̮s vaje̮mae̮ś kujim ur-ku;}
{menam starik, menam starik}
{20. kujim ši̮r-ku vajis.}</Unicode>
            </TextEquiv>
        </TextRegion>
        <TextRegion type="paragraph" id="r_3_1" custom="readingOrder {index:6;}">
            <Coords points="471,1477 1320,1477 1320,1700 471,1700"/>
            <TextLine id="tl_18" primaryLanguage="English" custom="readingOrder {index:0;}">
                <Coords points="472,1478 1267,1478 1267,1519 472,1519"/>
                <Baseline points="472,1510 483,1510 588,1510 747,1511 947,1517 1024,1511 1267,1518"/>
                <TextEquiv>
                    <Unicode>5. Die grossen mädchen, die glücklichen,</Unicode>
                </TextEquiv>
            </TextLine>
            <TextLine id="tl_19" primaryLanguage="German" custom="readingOrder {index:1;}">
                <Coords points="519,1538 1099,1538 1099,1577 519,1577"/>
                <Baseline points="519,1577 693,1570 919,1571 1099,1577"/>
                <TextEquiv>
                    <Unicode>pflückten anderthalb siebvoll;</Unicode>
                </TextEquiv>
                <TextStyle fontFamily="Times New Roman" fontSize="8.5" bold="true"/>
            </TextLine>
            <TextLine id="tl_20" primaryLanguage="German" custom="readingOrder {index:2;}">
                <Coords points="519,1598 1319,1598 1319,1639 519,1639"/>
                <Baseline points="519,1629 571,1630 721,1631 891,1638 968,1630 1145,1630 1319,1637"/>
                <TextEquiv>
                    <Unicode>ich kleiner mensch, ich winziger mensch,</Unicode>
                </TextEquiv>
                <TextStyle fontFamily="Times New Roman" fontSize="8.5" bold="true"/>
            </TextLine>
            <TextLine id="tl_21" primaryLanguage="German" custom="readingOrder {index:3;}">
                <Coords points="518,1660 1107,1660 1107,1699 518,1699"/>
                <Baseline points="518,1699 670,1691 893,1691 1107,1692"/>
                <TextEquiv>
                    <Unicode>pflückte anderthalb handevoll.</Unicode>
                </TextEquiv>
                <TextStyle fontFamily="Times New Roman" fontSize="8.5" bold="true"/>
            </TextLine>
            <TextEquiv>
                <Unicode>5. Die grossen mädchen, die glücklichen,
pflückten anderthalb siebvoll;
ich kleiner mensch, ich winziger mensch,
pflückte anderthalb handevoll.</Unicode>
            </TextEquiv>
        </TextRegion>
        <TextRegion type="paragraph" id="r_3_2" custom="readingOrder {index:7;}">
            <Coords points="454,1750 1419,1750 1419,1974 454,1974"/>
            <TextLine id="tl_22" primaryLanguage="German" custom="readingOrder {index:0;}">
                <Coords points="520,1751 1259,1751 1259,1793 520,1793"/>
                <Baseline points="520,1784 580,1784 737,1784 938,1790 1015,1785 1259,1792"/>
                <TextEquiv>
                    <Unicode>Die grossen mädchen, die glücklichen,</Unicode>
                </TextEquiv>
                <TextStyle fontFamily="Times New Roman" fontSize="8.5" bold="true"/>
            </TextLine>
            <TextLine id="tl_23" primaryLanguage="German" custom="readingOrder {index:1;}">
                <Coords points="455,1813 1418,1813 1418,1853 455,1853"/>
                <Baseline points="455,1845 464,1845 640,1845 726,1846 873,1846 1062,1845 1186,1846 1264,1846 1418,1853"/>
                <TextEquiv>
                    <Unicode>10. gingen mit jungen burschen unter die haube;</Unicode>
                </TextEquiv>
            </TextLine>
            <TextLine id="tl_24" primaryLanguage="German" custom="readingOrder {index:2;}">
                <Coords points="518,1873 1306,1873 1306,1914 518,1914"/>
                <Baseline points="518,1904 570,1905 721,1906 891,1912 968,1905 1146,1905 1306,1906"/>
                <TextEquiv>
                    <Unicode>ich kleiner mensch, ich winziger mensch</Unicode>
                </TextEquiv>
                <TextStyle fontFamily="Times New Roman" fontSize="8.5" bold="true"/>
            </TextLine>
            <TextLine id="tl_25" primaryLanguage="German" custom="readingOrder {index:3;}">
                <Coords points="516,1931 1262,1931 1262,1973 516,1973"/>
                <Baseline points="516,1972 594,1972 681,1964 812,1964 921,1965 1044,1965 1119,1965 1262,1966"/>
                <TextEquiv>
                    <Unicode>ging mit einem greis unter die haube.</Unicode>
                </TextEquiv>
                <TextStyle fontFamily="Times New Roman" fontSize="8.5" bold="true"/>
            </TextLine>
            <TextEquiv>
                <Unicode>Die grossen mädchen, die glücklichen,
10. gingen mit jungen burschen unter die haube;
ich kleiner mensch, ich winziger mensch
ging mit einem greis unter die haube.</Unicode>
            </TextEquiv>
        </TextRegion>
        <TextRegion type="paragraph" id="r_3_3" custom="readingOrder {index:8;}">
            <Coords points="452,2025 1269,2025 1269,2249 452,2249"/>
            <TextLine id="tl_26" primaryLanguage="German" custom="readingOrder {index:0;}">
                <Coords points="518,2026 1268,2026 1268,2066 518,2066"/>
                <Baseline points="518,2058 585,2057 744,2058 945,2065 1028,2058 1268,2065"/>
                <TextEquiv>
                    <Unicode>Der grossen mädchen, der glücklichen,</Unicode>
                </TextEquiv>
                <TextStyle fontFamily="Times New Roman" fontSize="8.5" bold="true"/>
            </TextLine>
            <TextLine id="tl_27" primaryLanguage="German" custom="readingOrder {index:1;}">
                <Coords points="516,2086 1166,2086 1166,2127 516,2127"/>
                <Baseline points="516,2117 659,2118 801,2118 884,2118 964,2118 1028,2119 1166,2125"/>
                <TextEquiv>
                    <Unicode>männer gingen hin um zu jagen;</Unicode>
                </TextEquiv>
                <TextStyle fontFamily="Times New Roman" fontSize="8.5" bold="true"/>
            </TextLine>
            <TextLine id="tl_28" primaryLanguage="English" custom="readingOrder {index:2;}">
                <Coords points="453,2145 1200,2145 1200,2185 453,2185"/>
                <Baseline points="453,2178 461,2178 606,2177 716,2178 854,2185 967,2179 1076,2178 1200,2178"/>
                <TextEquiv>
                    <Unicode>15. mein alter mann, mein alter mann</Unicode>
                </TextEquiv>
            </TextLine>
            <TextLine id="tl_29" primaryLanguage="German" custom="readingOrder {index:3;}">
                <Coords points="516,2205 1082,2205 1082,2248 516,2248"/>
                <Baseline points="516,2246 594,2246 679,2238 777,2238 904,2245 1015,2238 1082,2239"/>
                <TextEquiv>
                    <Unicode>ging mit [zur jagd], auch er.</Unicode>
                </TextEquiv>
                <TextStyle fontFamily="Times New Roman" fontSize="8.5" bold="true"/>
            </TextLine>
            <TextEquiv>
                <Unicode>Der grossen mädchen, der glücklichen,
männer gingen hin um zu jagen;
15. mein alter mann, mein alter mann
ging mit [zur jagd], auch er.</Unicode>
            </TextEquiv>
        </TextRegion>
        <TextRegion type="paragraph" id="r_3_4" custom="readingOrder {index:9;}">
            <Coords points="447,2299 1450,2299 1450,2514 447,2514"/>
            <TextLine id="tl_30" primaryLanguage="German" custom="readingOrder {index:0;}">
                <Coords points="518,2300 1267,2300 1267,2341 518,2341"/>
                <Baseline points="518,2331 584,2331 740,2332 941,2339 1026,2333 1267,2339"/>
                <TextEquiv>
                    <Unicode>Der grossen mädchen, der glücklichen,</Unicode>
                </TextEquiv>
                <TextStyle fontFamily="Times New Roman" fontSize="8.5" bold="true"/>
            </TextLine>
            <TextLine id="tl_31" primaryLanguage="German" custom="readingOrder {index:1;}">
                <Coords points="514,2360 1449,2360 1449,2400 514,2400"/>
                <Baseline points="514,2391 654,2391 839,2392 964,2392 1084,2400 1172,2392 1449,2400"/>
                <TextEquiv>
                    <Unicode>männer brachten [jeder heim] drei eichhornfelle;</Unicode>
                </TextEquiv>
                <TextStyle fontFamily="Times New Roman" fontSize="8.5" bold="true"/>
            </TextLine>
            <TextLine id="tl_32" primaryLanguage="German" custom="readingOrder {index:2;}">
                <Coords points="515,2418 1197,2418 1197,2457 515,2457"/>
                <Baseline points="515,2450 603,2450 714,2450 851,2457 963,2451 1073,2452 1197,2452"/>
                <TextEquiv>
                    <Unicode>mein alter mann, mein alter mann</Unicode>
                </TextEquiv>
                <TextStyle fontFamily="Times New Roman" fontSize="8.5" bold="true"/>
            </TextLine>
            <TextLine id="tl_33" primaryLanguage="English" custom="readingOrder {index:3;}">
                <Coords points="448,2478 992,2478 992,2513 448,2513"/>
                <Baseline points="448,2510 460,2510 654,2512 870,2512 992,2513"/>
                <TextEquiv>
                    <Unicode>20. brachte mäusefelle dreie.</Unicode>
                </TextEquiv>
            </TextLine>
            <TextEquiv>
                <Unicode>Der grossen mädchen, der glücklichen,
männer brachten [jeder heim] drei eichhornfelle;
mein alter mann, mein alter mann
20. brachte mäusefelle dreie.</Unicode>
            </TextEquiv>
        </TextRegion>
        <SeparatorRegion id="r_4" custom="readingOrder {index:10;}">
            <Coords points="353,1418 511,1418 511,1423 353,1423"/>
        </SeparatorRegion>
        <SeparatorRegion id="r_5" custom="readingOrder {index:11;}">
            <Coords points="733,1422 974,1422 974,1425 733,1425"/>
        </SeparatorRegion>
        <SeparatorRegion id="r_6" custom="readingOrder {index:12;}">
            <Coords points="1069,1422 1245,1422 1245,1424 1069,1424"/>
        </SeparatorRegion>
        <SeparatorRegion id="r_7" custom="readingOrder {index:13;}">
            <Coords points="1395,1423 1642,1423 1642,1428 1395,1428"/>
        </SeparatorRegion>
    </Page>
</PcGts>
