1809 2947
685 270 880 299 — 287 —
683 416 888 446 2. Letka.
583 499 986 540 Hochzeitsklage.
431 593 1139 628 Die freundin an die braut1.
461 681 1021 721 {jugi̮d lunane̮i̭ pe̮ ni̮l-ole̮mane̮i̭,}
463 740 1043 781 {jugi̮d šondie̮i̭, te musa ni̮lane̮i̭!}
463 801 1021 841 {pukalan tai̭ pe̮ te ostatkiane̮i̭!}
462 860 805 900 {mui̭ sa dumai̭tan?}
413 921 1068 961 {5. kuź dumaane̮s pe̮ e̮l̕i džeńde̮dan,}
462 980 1061 1022 {e̮l̕i džeńi̮d pe̮ dumase̮ ńuže̮dan?}
462 1041 1078 1082 {pukalan tai̭ pe̮ te bat̕uško ordi̮n!}
462 1101 995 1142 {kokńi̮d̕ik-l̕i-ke̮ jur-be̮žane̮ji̮d?}
464 1161 964 1200 {le̮śi̮d-ke̮ tše̮₍tši̮d tuśaane̮je̮n,}
401 1220 1000 1261 {10. śiśte̮m-ke̮ viśte̮m li̮-śe̮mane̮je̮n}
463 1280 978 1319 {abi̮ ńe tenad li̮-ti̮r vemane̮i̭,}
464 1339 1077 1380 {abi̮ ńe tenad ku₍t̕śik-ti̮r ja̭jane̮i̭!?}
208 1477 1085 1517 Mein helles tagesgestirn, mein mädchenleben,
206 1537 1165 1577 mein helles sönnchen, du mein trautes mägdlein!
210 1597 1423 1640 Du sitzest [jetzt deines mädchenlebens] letzte augenblicke [eig.
963 1658 1146 1697 reste] da!
208 1700 637 1732 Woran denkst du? —
159 1758 1144 1799 5. Deine langen gedanken vielleicht verkürzest du,
209 1819 1074 1859 oder deine kurzen gedanken dehnst du aus?
210 1878 934 1917 Du sitzest ja doch bei deinem vater!
209 1938 1411 1980 Sind vielleicht die kopftuchzipfel [einer verheirateten frau]
962 1998 1086 2031 leicht?
208 2057 957 2097 Mit deinem schönen, schlanken rumpf,
146 2118 900 2158 10. mit deinem kräftigen gesunden leib
208 2177 1023 2216 sind deine knochen etwa nicht voll mark,
208 2237 973 2269 ist deine haut etwa nicht voll fleisch!?
247 2400 1426 2431 \1\ Die mädchen sitzen neben einander und bedecken sich mit
145 2451 356 2480 einem tuch.
