1822 2982
933 281 1108 310 — 314 —
811 374 1220 415 {i̮žte̮ ve̮d ponje̮n veži!»}
749 433 1077 476 {15. »bur, bur pie̮i̭,}
808 494 1169 536 {poni̮d urte̮ ki̮ji̮štas,}
808 555 1208 590 {urte̮ bazare̮ vuzalam.»}
810 617 1102 656 {»mame̮i̭, mame̮i̭,}
808 677 1236 717 {ponte̮ ve̮d kańe̮n veži!»}
744 735 1081 779 {20. »bur, bur pie̮i̭,}
808 796 1174 839 {kańi̮d ši̮rte̮ ki̮ji̮štas,}
808 857 1238 899 {kerka-pel̕este̮ oz roźe̮d!»}
809 920 1103 960 {»mame̮i̭, mame̮i̭,}
808 978 1283 1021 {kańte̮ ve̮d t̕śipane̮n veži!»}
742 1038 1062 1081 {25. bur, bur pie̮i̭,}
807 1100 1177 1142 {kol̕k-torse̮ śoji̮štam.»}
808 1163 1101 1202 {»mame̮i̭, mame̮i̭,}
808 1220 1313 1263 {t̕śipanse̮ ve̮d petuke̮n veži!»}
808 1281 1073 1324 {»bur, bur pie̮i̭,}
742 1340 1387 1383 {30. uźan-inśi̮d vod̕dži̮k t̕śḙt̕t̕śe̮das.»}
448 1474 1485 1522 ich habe ja das schaf gegen einen hund vertauscht!»
387 1535 982 1579 15. »Gut, mein wackerer junge,
448 1594 1039 1639 dein hund fängt eichhörnchen,
446 1654 1419 1695 die eichhörnchen verkaufen wir auf dem markte.»
446 1715 932 1758 »Mütterchen, mütterchen,
445 1774 1463 1822 ich habe ja den hund gegen eine katze vertauscht!»
383 1835 978 1880 20. »Gut, mein wackerer junge,
445 1895 933 1940 deine katze fängt mäuse,
444 1956 1667 2003 die nagen [dann] keine löcher [mehr] in die ecken des zimmers.»
444 2016 931 2058 »Mütterchen, mütterchen,
444 2075 1436 2122 ich habe ja die katze gegen ein huhn vertauscht!»
381 2136 977 2179 25. »Gut, mein wackerer junge,
444 2196 1145 2240 da kriegen wir [also] eier zu essen.»
443 2256 928 2298 »Mütterchen, mütterchen,
443 2316 1477 2361 ich habe ja das huhn gegen einen hahn vertauscht!»
444 2377 974 2419 »Gut, mein wackerer junge,
379 2437 1194 2482 30. zeitiger weckt er [uns] aus dem bett.»
