1787 2953
976 268 1102 297 162 —
465 359 1598 402 {164. pit̕eri̮n keraśe̮ni̮, da t̕śagji̮s tat̕t̕śe̮ t̕śukte̮. — piśme̮.}
466 420 1648 462 {165. pit̕eri̮n ve̮v ge̮re̮ktas, a śije̮si̮s i domi̮s tat̕t̕śe̮ uśe̮. —}
360 480 777 522 {juve̮r saldat̕t̕śina ji̮li̮ś.}
467 541 1390 582 {166. pi̮de̮ste̮m pel̕sae̮ ja̭i̭ solale̮ma. — t̕śuń-ki̮tš.}
467 602 1647 645 {167. pop petas, kl̕u₍t̕śi̮s uśe̮, te̮li̮ś ad̕d̕źas, šondi̮ d̕źebas. — puž.}
468 663 1646 706 {168. po₍tše̮s kiśśas, da oz vermi̮ni̮ tet̕śni̮ se̮. — sartas jukale̮m.}
468 724 1648 766 {169. po₍tše̮s kiśtan (od: kośalan), tet̕śni̮ on vermi̮ (od: da on}
363 784 978 825 {vermi̮ tet̕śni̮). — sartas jukale̮m.}
468 845 1251 885 {170. po₍tše̮s kuža ge̮rd kań mune̮. — bi.}
469 906 1347 946 {171. po₍tše̮s kuźa gre̮š t̕urjale̮. — ko₍d̕źuv-kot.}
471 966 1356 1006 {172. po₍tše̮s vi̮vti ke̮t̕ś kote̮rte̮. — va vizuvte̮m.}
469 1027 1649 1067 {173. pu kar vi̮las i₍d̕źas kar, i₍d̕źas kar vi̮las ruzi̮m kar, ru-}
364 1086 1392 1130 {zi̮m kar vi̮las ki̮vte̮m vojevoda kui̭le̮. — zi̮pkai̮n kaga.}
471 1217 1650 1259 164. Man haut holz in Petrograd, die späne aber fallen
364 1277 781 1310 hierher. — Der brief.
471 1338 1649 1380 165. Das pferd wiehert in Petrograd, aber das kummet und
366 1398 1650 1432 der zaum reichen bis hierher. — Die nachricht von der rekruten-
366 1456 573 1497 aushebung.
471 1516 1648 1557 166. In einem zuber ohne boden hat man fleisch eingesalzen.
365 1576 813 1617 — Der ring am finger.
472 1636 1651 1676 167. Der priester geht hinaus, sein schlüssel fällt, der mond
366 1696 1414 1736 bemerkt [ihn], die sonne versteckt [ihn]. — Der reif.
472 1756 1648 1798 168. Der zaun zerfällt, und sie können [ihn] nicht [mehr]
368 1816 1322 1856 zusammenbringen. — Das spalten des kienspans.
472 1876 1652 1917 169. Den zaun reissest du nieder, zusammenbringen kannst
367 1935 1654 1978 du [ihn] nicht [mehr] (od.: aber du kannst ihn nicht [mehr] zu-
367 1995 1293 2035 sammenbringen). — Das spalten des kienspans.
472 2055 1654 2095 170. Den zaun entlang läuft eine rote katze. — Das feuer
371 2116 648 2155 [am kienspan].
473 2174 1651 2215 171. Den zaun entlang läuft ein groschen. — Die ameise.
472 2228 1652 2275 172. Uber den zaun springt der hase. — Das strömen des
368 2303 515 2327 wassers.
472 2354 1653 2394 173. Auf einer hölzernen stadt ist eine strohstadt, auf der
367 2414 1654 2455 strohstadt eine lumpenstadt, auf der lumpenstadt liegt ein stum-
368 2474 1167 2515 mer woiwode. — Das kind in der wiege.
