1822 2958
738 275 762 304 -
784 275 824 304 29
848 291 871 294 -

158 380 190 402 »s
196 371 312 408 vat't'aej
332 371 432 408 svatej
436 368 442 407 ,
469 368 560 409 leptei
585 373 610 401 le
634 367 738 408 leptei,
762 366 933 399 nilnidked
955 366 1015 399 veli
1040 365 1142 406 tijane
1171 366 1298 403 loktam,
1316 365 1355 396 da
1373 365 1443 396 kik-

160 432 289 469 na’njm
321 428 438 470 sir-jue
470 428 582 461 usim.»
625 428 638 468 j
649 432 758 459 omat
768 437 784 459 e
815 425 1065 467 kert-majegnad
1088 425 1269 466 tuvjalasnj
1290 425 1331 457 da
1355 428 1446 457 nivse

159 489 310 531 perjasni
333 490 374 521 da
397 489 552 522 Sontasni.
598 488 651 521 eni
675 488 761 520 oloni
783 487 796 520 i
819 488 929 526 vjleni.

780 641 820 668 10
824 664 829 668 .

640 734 657 753 o
667 734 699 755 m
709 724 749 754 et
775 722 822 754 da
854 731 912 754 то
923 731 939 752 r
950 727 968 754 t.

264 819 329 851 etik
360 818 475 850 muSik
507 818 562 850 veli
594 818 653 850 veli
680 818 768 849 Sure:
802 816 887 849 »med
908 826 1037 849 menam
1061 817 1125 848 lore
1148 826 1214 848 una
1238 816 1339 855 d'etuja
1346 826 1351 852 ,
1375 814 1446 846 med

161 880 237 920 ■jona
266 879 421 912 ozirrna!»
465 878 564 917 cffsjd
592 877 685 910 loktis
708 880 740 909 si
761 877 835 910 dine
858 879 942 909 omet
961 875 974 909 г
996 875 1083 910 Suis:
1108 886 1121 906 »
1124 875 1290 916 kesjan-ke
1314 874 1447 915 mijanli

164 942 299 980 rursjni,
325 949 372 971 me
396 939 484 971 tenid
506 938 586 971 inda
607 940 858 977 d'mga-mestase
860 946 885 970 .»
924 937 1038 970 mu-Sik
1061 936 1199 976 kesjjsis.
1241 936 1309 968 seki
1332 937 1419 968 omet
1416 938 1447 975 is

163 1000 173 1032 i
206 999 292 1032 Suis:
328 1000 369 1038 Hi
401 1000 497 1039 darin
527 1001 600 1031 vutS
632 999 705 1031 idin
736 1008 788 1031 sev
819 1000 884 1030 una
917 998 1018 1037 d'etiga
1043 1008 1100 1030 em.
1149 1002 1175 1029 te
1197 1008 1277 1029 mun
1301 996 1313 1037 i
1337 996 1447 1037 регЦ.»

160 1060 275 1100 muSjk
306 1060 402 1092 vetlas
431 1060 443 1092 i
470 1060 562 1091 bidsa
593 1059 661 1091 dod'
683 1061 746 1099 ezjs
776 1060 878 1097 d'etiga
901 1057 1003 1098 vajas.
1051 1057 1119 1089 seki
1141 1057 1254 1089 muSik
1276 1056 1447 1096 gelirisked

161 1132 214 1152 sev
238 1121 314 1152 hara
340 1120 559 1158 ovmed't'sasnj
581 1120 594 1152 i
617 1119 751 1152 kutasni
773 1121 915 1151 ruzasni.

265 1183 449 1220 matjsmini
473 1180 566 1212 kutas
590 1179 754 1212 muSiklen
777 1189 989 1219 vursan-pera
1014 1178 1181 1219 ometjasli.
1218 1178 1279 1218 sije
1301 1188 1354 1210 zev
1368 1177 1444 1218 jona

164 1320 246 1352 liebt
274 1320 384 1360 [mich]
411 1320 496 1351 doch
521 1320 554 1350 in
578 1319 630 1351 die
654 1319 749 1357 höhe,
774 1319 854 1351 hebt
881 1317 993 1359 [mich]
1020 1318 1115 1356 doch,
1141 1317 1202 1349 mit
1226 1326 1339 1349 euerer
1353 1317 1448 1349 toch-

162 1381 215 1411 ter
245 1387 313 1412 war
344 1379 397 1411 ich
430 1379 487 1411 auf
520 1379 595 1410 dem
628 1388 698 1419 weg
726 1388 766 1410 zu
790 1378 884 1416 euch,
909 1379 979 1409 und
1002 1378 1060 1409 wir
1082 1377 1179 1409 beide
1202 1377 1301 1409 fielen
1325 1377 1359 1408 in
1383 1378 1446 1409 den

162 1439 344 1471 teerfluss.»
378 1440 428 1471 Da
452 1439 598 1479 spiessen
614 1439 660 1470 sie
678 1438 738 1470 mit
756 1439 813 1470 der
830 1437 1038 1478 eisenstange
1056 1438 1108 1478 die
1124 1438 1211 1478 joma
1227 1438 1285 1469 auf
1302 1438 1371 1469 und
1385 1437 1448 1469 zie¬

163 1499 227 1531 hen
251 1499 320 1531 ihre
344 1499 477 1531 tochter
493 1499 525 1530 in
543 1498 595 1531 die
612 1499 697 1531 höhe
714 1500 783 1531 und
802 1501 944 1531 wärmen
961 1498 1018 1531 sie.
1050 1499 1102 1530 Sie
1119 1499 1215 1530 leben
1231 1498 1333 1530 heute
1350 1498 1445 1530 noch.

1107 1567 1345 1608 (Ust'sysofsk.)

783 1685 821 1713 10
826 1709 830 1713 .

458 1769 540 1800 Der
571 1769 715 1800 teufel
749 1769 833 1800 und
867 1769 942 1800 der
974 1777 1066 1800 men
1078 1768 1161 1799 sch.

270 1862 331 1894 Ein
360 1871 462 1894 mann
491 1862 702 1895 wiederholte
726 1863 929 1895 immerfort:
955 1864 1076 1894 »Wenn
1100 1862 1152 1894 ich
1178 1863 1264 1894 doch
1288 1861 1352 1894 viel
1375 1862 1449 1902 geld

165 1921 316 1961 bekäme,
350 1931 446 1955 wenn
480 1922 528 1954 ich
563 1923 648 1955 doch
677 1923 808 1962 tüchtig
830 1923 920 1955 reich
942 1923 1088 1955 würde!»
1134 1922 1266 1954 Einmal
1288 1923 1367 1954 kam
1392 1923 1450 1954 der

165 1983 244 2014 böse
267 1992 307 2013 zu
332 1982 400 2014 ihm
425 1983 493 2014 und
509 1984 618 2022 sagte:
644 1984 765 2015 »Wenn
782 1984 826 2015 du
843 1983 909 2015 Inst
926 1984 1003 2015 hast
1019 1992 1082 2015 uns
1101 1981 1248 2022 [kleider]
1268 1992 1308 2014 zu
1326 1982 1447 2020 nähen,

164 2051 201 2073 so
232 2042 320 2082 zeige
353 2042 406 2074 ich
439 2042 489 2073 dir
521 2042 616 2074 einen
650 2043 842 2083 geldplatz».
891 2044 956 2074 Der
978 2052 1081 2075 mann
1106 2052 1173 2075 war
1197 2043 1281 2074 dazu
1306 2042 1447 2083 geneigt.

169 2102 219 2133 Da
250 2105 342 2141 sagte
376 2103 433 2134 der
456 2103 549 2134 böse:
575 2103 654 2134 »Am
678 2104 814 2136 strande
838 2104 895 2135 des
919 2112 999 2141 sees,
1025 2105 1122 2134 unter
1146 2102 1254 2134 einem
1278 2103 1451 2142 erdhiigel-

165 2162 248 2193 chen
276 2161 355 2201 liegt
379 2163 454 2193 sehr
478 2162 540 2194 viel
565 2163 650 2202 geld.
688 2163 756 2195 Geh
780 2162 836 2194 hin
861 2164 929 2195 und
954 2163 1055 2202 grabe
1079 2171 1111 2194 es
1135 2171 1222 2194 aus.»
1257 2163 1323 2194 Der
1347 2171 1451 2194 mann

166 2221 245 2261 geht
278 2221 333 2253 hin
368 2223 436 2255 und
460 2223 572 2261 bringt
597 2222 690 2255 einen
714 2232 841 2263 ganzen
865 2222 1023 2255 schlitten
1047 2223 1114 2254 voll
1138 2222 1312 2263 silbergeld
1339 2224 1451 2263 [nach¬

166 2282 293 2321 hause],
342 2283 418 2314 Nun
453 2283 592 2323 beginnt
625 2284 683 2316 der
714 2292 815 2316 mann
848 2284 909 2315 mit
932 2283 1057 2316 seinem
1081 2283 1184 2315 weibe
1208 2283 1302 2315 recht
1325 2286 1385 2325 gut
1409 2293 1450 2315 zu

166 2342 272 2378 leben,
299 2344 366 2374 und
391 2343 436 2375 sie
460 2342 581 2384 fangen
606 2352 648 2376 an
673 2343 795 2376 handel
819 2353 860 2375 zu
883 2344 1022 2376 treiben.

271 2403 321 2433 Da
353 2402 492 2442 beginnt
524 2403 577 2435 für
600 2404 664 2435 den
690 2412 791 2435 mann
816 2403 868 2435 die
892 2403 957 2435 zeit
981 2404 1297 2442 heranzukommen,
1323 2413 1373 2435 wo
1398 2404 1451 2436 die

165 2461 292 2494 kleider
325 2463 378 2494 für
412 2462 464 2494 die
494 2463 598 2495 teufel
629 2464 754 2503 genäht
787 2464 915 2495 werden
941 2466 1100 2496 mussten.
1150 2465 1195 2495 Er
1216 2463 1357 2504 beginnt
1381 2464 1450 2496 sich
