1807 2953
725 302 880 331 — 257 —
519 395 959 435 {10. ńur-vi̮v kert̕ś mi̮dta,}
580 454 955 495 {jagśa̭ń meni̮m burśi}
581 514 877 555 {jag vote̮s mi̮dta,}
583 576 941 609 {vaśa̭ń meni̮m burśi}
583 636 858 669 {va t̕śeri mi̮dta.}
520 696 896 737 {15. jenśa̭ń me pukśi}
587 756 940 794 {med se̮ste̮m mestae̮,}
585 816 890 857 {je̮zśa̭ń me pukśi}
584 876 884 915 {med bur mestae̮,}
584 936 877 976 {asśa̭ń me pukśi}
520 995 914 1035 {20. med gaža mestae̮;}
586 1056 984 1096 {rot̕ś pi me ve̮d pukśi}
585 1116 1038 1156 {rot̕ś pi kere̮m e̮ši̮ń dore̮,}
587 1175 1012 1217 {i̮₍dži̮d ìz me ve̮d pukśi}
587 1235 884 1275 {izja śe̮kta pi̮ri̮ś,}
524 1294 986 1337 {25. śir-mi̮r me ve̮d pukśi}
265 1431 1191 1474 10. soviel sumpfporst\1\ auf dem sumpfe [blüht],
332 1491 947 1531 gib glück mir vom fichtenwald,
330 1551 1106 1593 soviel beeren im fichtenwald [wachsen],
330 1611 851 1652 gib glück mir vom wasser,
332 1670 936 1712 soviel fische im wasser [leben].
269 1731 1079 1772 15. Ich setzte mich unter das heiligenbild
332 1791 773 1831 auf den reinsten platz,
333 1851 938 1884 ich setzte mich unter die leute
333 1911 746 1951 auf den besten platz,
332 1971 924 2011 ich setzte mich auf den platz,
270 2031 988 2069 20. der für mich der fröhlichste war;
333 2091 870 2129 ich setzte mich ans fenster,
337 2150 1114 2191 das ein russischer bursche gemacht hat,
335 2210 1145 2251 ich setzte mich hin wie ein grosser stein,
335 2270 908 2310 ganz wie ein stein so schwer,
271 2330 1314 2371 25. ich setzte mich hin wie ein harziger baumstumpf,
310 2476 596 2515 Ledum palustre.
1322 2538 1351 2562 17
