1819 2962
924 248 1098 277 — 94 —
364 340 1655 384 {mem t̕śerte!» sije̮ bośtas, let̕t̕śas da i kut̕śkas e̮ške̮s pl̕ešas. e̮š uśe̮;}
366 401 1657 445 {e̮šli̮ś gol̕ase̮ ore̮dasni̮ da i kul̕asni̮. seśa [od. seśśa] perjalasni̮ gi̮rk-}
366 462 1653 503 {pi̮tške̮sse̮ da i voji̮n kate̮dasni̮ kerkaas śuvse̮ da ruškuse̮ da sitse̮.}
366 523 1653 565 {śuvse̮ puktasni̮ pop rušku veśtas, ruškuse̮ puktasni̮ sluga veśtas, sitse̮}
364 583 1654 626 {puktasni̮ popad̕ja veśtas; kut̕śikse̮ da ja̭i̭se̮ bośtasni̮ asli̮ni̮s. pop aski}
366 644 1655 687 {t̕śḙt̕t̕śas da i šue̮: »menam stav śuvje̮i̭ pete̮ma!» sluga t̕śḙt̕t̕śas da i}
364 706 1653 747 {šue̮: »oi̭, menam stav ruškue̮i̭ pete̮ma!» popad̕ja t̕śḙt̕t̕śas da i šue̮:}
365 767 932 808 {»oi̭, menam stav site̮i̭ pete̮ma!»}
982 900 1032 929 33.
878 981 1134 1023 {kujim vok.}
466 1067 1648 1109 {olisni̮ vi̮lisni̮ kujim vok, koi̭me̮di̮s ve̮li je̮i̭. nale̮n mami̮s kuli.}
363 1127 1648 1170 {naje̮ kutasni̮ ve̮t̕śni̮ e̮be̮dńa i kutasni̮ puni̮ sur. e̮t̕t̕śi̮d veže̮ra vokjasi̮s}
363 1258 1650 1299 Er nimmt [das beil], geht fort und schlägt den ochsen vor die
361 1319 1648 1358 stirn. Der ochse stürzt; sie schneiden dem ochsen den hals durch
360 1379 1644 1420 und häuten [ihn] ab. Darauf nehmen sie die eingeweide heraus
362 1439 1642 1480 und tragen in der nacht in die stube [des priesters] die därme,
360 1499 1643 1539 den magen und den kot. Die därme legen sie dem priester vor
360 1558 1645 1600 den leib [eig. vor den magen], den magen [des ochsen] neben die
359 1618 1644 1659 magd, den kot neben die priestersfrau; die haut und das fleisch
358 1678 1643 1720 behalten sie für sich. Der priester steht am morgen auf und
358 1739 1644 1780 sagt: »Mir sind alle därme [aus dem leibe] gekommen!» Die magd
358 1798 1648 1840 steht auf und sagt: »Oh weh, mein magen ist mir ganz heraus-
357 1859 1648 1900 gekommen!» Die priestersfrau steht auf und sagt: »Oh weh, all
357 1918 976 1960 mein kot ist herausgekommen!»
1302 1963 1543 2003 (Ust̕sysol̕sk.)
976 2060 1027 2088 33.
796 2141 1210 2174 Die drei brüder.
460 2226 1641 2267 Es waren einmal drei brüder, der dritte [in der reihe] war
354 2286 1637 2329 blödsinnig. Ihre mutter starb. Sie beginnen eine totenmesse zu
354 2348 1636 2389 veranstalten und fangen an bier zu brauen. Einmal gehen die
353 2407 1642 2448 vernünftigen brüder [in die badestube] um zu baden, lassen aber
355 2467 1642 2507 den blödsinnigen daheim Kaum kommen die brüder in die bade-
