1793 2933
686 273 877 302 — 181 —
244 366 881 405 61. mi̮ške̮ ši̮bi̮tan, da vo₍d̕źe̮ uśe̮.}
244 427 835 467 62. mune̮m-vetle̮mli̮ pon oz vo.}
245 487 955 528 63. ńa̭ń berde̮ ši̮r vek loe̮ (od: love̮).}
245 548 658 584 {64. ńa̭ń sov vo₍d̕źe̮sa.}
245 608 950 649 65. ńa̭ń śoje̮me̮n, paś-ke̮m novle̮me̮n.}
245 668 910 707 66. ńebi̮da vol̕sale̮, da t̕śori̮d uźni̮.}
245 727 940 769 {67. ńe̮žje̮n ke̮ munan, i̮le̮₍dži̮k voan,}
246 788 746 828 68. ńi₍d̕źuvśi̮d rok on pu.}
246 848 814 882 {69. ome̮l̕ kai̭le̮n ome̮l i śi̮lan,}
248 907 930 950 {70. oški̮ś povži̮le̮m mort mi̮ri̮ś pole̮.}
249 967 859 1009 71. oški̮ś ke̮ povni̮, ńem i ovni̮.}
248 1029 750 1070 {72. »paśibe̮i̮ś» paś on vur.}
250 1088 839 1130 73. petuk da pop śoi̭te̮g śile̮ni̮.}
250 1148 748 1189 {74. pe̮ri̮ś pon roje̮ oz uvt.}
250 1287 1317 1326 61. Du wirfst es hinter dich, aber es fällt nach vorn.
250 1347 1039 1380 62. Die wanderschaft nimmt kein ende.
250 1406 1428 1446 63. Wo das brot ist, kommt auch immer eine maus
146 1470 258 1502 herzu.
250 1526 1428 1569 64. Brot [und] salz sind gegenseitig [d. h. die bewirtung
146 1589 552 1630 soll gegenseitig sein].
251 1648 1430 1689 65. Das brot [schmeckt man] beim essen, die kleidung [er.
147 1710 636 1750 kennt man] beim tragen.
252 1768 1331 1808 66. Er bettet weich, aber man schläft [dennoch] hart.
252 1827 1340 1868 67. Wenn du langsam gehst, wirst du weiter kommen.
253 1887 1163 1928 68. Aus regenwürmern kochst du keinen brei.
253 1947 1428 1988 69. Ein schlechter vogel hat auch einen schlechten gesang.
254 2007 1430 2047 70. Ein mensch, dem vor einem bären angst geworden,
149 2068 875 2108 fürchtet sich vor einem baumstumpf.
254 2126 1429 2169 71. Wenn man vor dem bären bange ist, lohnt es sich nicht
151 2191 320 2223 zu leben.
255 2248 1241 2287 72. Pür das wort »Danke!» nähst du keinen pelz.
255 2308 1431 2349 73. Der hahn und der priester singen ohne gegessen zu
151 2370 745 2411 haben [d. h. früh am morgen].
256 2427 1266 2463 74. Ein alter hund bellt die baumflechte nicht an.
