1803 2956
917 254 1089 283 — 50 —
772 346 1175 388 {»kuźńe̮₍t̕śe̮i̭, kuźńḙ₍t̕śe̮i̭,}
774 408 1054 447 {vai̭ te̮ kl̕e̮štši̮te̮,}
772 468 1194 510 {pipu pe̮de̮ń₍t̕śa perji̮ni̮,}
773 528 1045 569 {ke̮t̕ś-je̮v li̮śti̮ni̮,}
772 589 1063 631 {šondi-pi verdni,}
772 650 1008 690 {te̮li̮ś-e̮š nuni̮,}
770 710 1064 751 {jen-zud ki̮ski̮ni̮,}
770 772 1074 812 {t̕śag-purt kesli̮ni̮}
767 833 1075 872 {śoki̮re̮s nat̕śki̮ni̮.}
769 893 1248 935 {ted da mem še̮rje̮n jai̭se!»}
460 989 1642 1028 {kuźńḙt̕ś šuis: »mun, vodli̮! me dori̮šta sek kosta.» rut̕ś vodas,}
357 1050 1642 1092 {da ki̮vse̮ zev kuźa ńuže̮das. kuźńḙt̕ś loktas da kl̕e̮štši̮e̮n tope̮das ki̮vse̮,}
356 1111 921 1151 {pl̕ešas kut̕śkas da rut̕ś i kule̮.}
509 1329 1263 1370 »Mein schmiedchen, mein schmiedchen,
508 1390 1015 1431 gib mir doch deine zange,
508 1450 1213 1490 um der espe eimer herauszunehmen,
507 1510 1184 1550 um des häschens milch zu melken,
506 1570 1104 1610 um der sonne sohn zu speisen,
508 1629 1305 1669 um den ochsen des mondes fortzuführen,
508 1689 1244 1729 um Gottes wetzstein herbeizuschaffen,
505 1750 1207 1789 um das kienspanmesser zu schärfen,
505 1810 1105 1843 um den wallach zu schlachten.
504 1870 1460 1903 Das fleisch in zwei teile für dich und für mich!»
452 1973 1633 2013 Der schmied sagte: »Geh, leg dich schlafen! Ich schmiede
346 2032 825 2073 mittlerweile [die zange].»
450 2093 1632 2134 Der fuchs legt sich schlafen und [im schlafe] streckt er die
345 2153 1630 2194 zunge weit [aus dem munde] heraus. Der schmied kommt und
344 2213 1633 2255 zwickt ihn mit der zange in die zunge, er schlägt [den fuchs] vor
343 2273 944 2306 die stirn, und der fuchs stirbt.
1288 2317 1527 2357 (Ust̕sysol̕sk.)
