1816 2981
908 290 1074 319 — 126 —
978 422 1029 453 46.
790 506 1171 540 {vasa va-doras.}
460 590 1644 633 {me e̮t̕t̕śi̮d muni e̮knam va-dore̮, i kor mati̮śśi va-dorlańi̮s, seki}
356 648 1646 694 {drug śinme̮ uśi d̕źik va-doras meśa̭ń si̮l vit ki̮mi̮n i̮lna pukale̮, vaas}
357 710 1651 755 {vi₍d̕źe̮de̮ kuź-jurśia, joś-jura. seśa me vi₍d̕źe̮di vi₍d̕źe̮di da polźi kod̕}
357 770 1644 816 {i be̮rlań be̮ri̮ńt̕śi da bara vi₍d̕źe̮dli — da abi̮ nin. me tai̭ sije̮s vasa-}
358 832 1643 878 {nas pukti, a jenmi̮s te̮de̮ kodi ve̮li. seśa tai̭ set̕t̕śe̮ regi̮d i mort ve̮ji.}
974 984 1025 1014 47.
942 1077 1056 1100 {vasa}
458 1153 1646 1195 {meni̮m ped̕a1 jogor viśtaśis, ki̮₍d̕źi sije̮ te̮vari̮ši̮ske̮d rai̭}
355 1212 1223 1248 {uli̮ś va-dorśi̮s ki̮le̮mni̮ ne̮šaśe̮m ši̮ i be̮rde̮m ši̮:}
458 1326 1031 1366 \1\ ped̕a zz heodor, russ. QeMn.
971 1485 1021 1514 46.
675 1568 1318 1608 Der wassergeist am ufer.
458 1644 1640 1685 Einmal ging ich allein ans ufer, und als ich mich dem ufer
352 1705 1638 1747 näherte, da gewahrte ich plötzlich ein langhaariges, spitzköpfiges
357 1765 1639 1805 [wesen] ungefähr fünf klafter von mir entfernt unmittelbar am
353 1825 1638 1866 wasser sitzen und ins wasser schauen. Da sah ich [es] an, sah
356 1885 1639 1925 [es] an und erschrak fast und drehte mich um und blickte wie-
352 1945 1639 1987 der hin — aber [es] war nicht mehr [da]. Ich hielt es allerdings
351 2004 1635 2047 für einen wassergeist, aber Gott mag wissen, was es gewesen ist.
352 2066 1294 2105 Dann ertrank ja auch an der stelle ein mensch.
970 2206 1020 2236 47.
785 2289 1203 2329 Der wassergeist.
454 2374 1636 2415 Jörgel heodorssohn erzählte mir, wie er mit seinem kame-
349 2434 1637 2475 raden unterhalb des [dorfes] rai̭ am flussufer den laut von wäsche-
349 2494 977 2535 bleuen und weinen gehört habe:
