1803 2957
907 277 1100 307 — 302 —
733 370 1208 412 {»mi̮i̭ ne̮̭ śurjanas keran?»}
732 432 1119 472 {»džadž-tor ve̮₍t̕śi̮štni̮.»}
665 493 1220 525 {25. »mi̮i̭ ne̮ džadžnas keran?»}
731 553 1125 594 {»taśti pań pukti̮štni̮.»}
1037 705 1066 733 7.
732 787 1093 828 {»veńe̮, veńe̮, veńgi̮!»,}
731 847 1096 888 {veń šue̮: »og veńgi̮»,}
732 908 1244 949 {»gezje̮, gezje̮, veńe̮s džage̮d!»}
731 969 1128 1009 {gez šue̮: »og džage̮d!»}
681 1029 1142 1070 {5. »ši̮re̮, ši̮re̮, gezje̮s jir!»}
731 1089 1043 1130 {ši̮r šue̮: »og jir!»}
731 1149 1166 1189 {»kańe̮, kańe̮, ši̮re̮s śoi̭!»}
730 1210 1070 1251 {kań šue̮: »og śoi̭!»}
731 1271 1226 1311 {»tši̮ne̮, tši̮ne̮, kańe̮s pe̮dti̮!»}
578 1411 1277 1450 »Was machst du mit dem pfosten?»
583 1470 1430 1509 »Ein geschirrbrettchen stell' ich draus her.»
512 1531 1466 1571 25 »Was machst du mit dem geschirrbrettchen?»
576 1590 1216 1631 »Drauf leg' ich näpfe und löffel.»
1303 1651 1540 1692 (Ust̕sysol̕sk.)
985 1756 1013 1784 7.
524 1829 1104 1869 »Mein veń, mein veń\1\, plage!»
523 1889 1050 1930 veń sagt: »ich plage nicht.»
523 1948 1206 1988 »Mein seil, mein seil, erwürge veń!»
524 2008 1280 2049 Das seil sagt: »ich erwürge [es] nicht.»
474 2068 1612 2107 5. »Mein mäuschen, mein mäuschen, nage das seil durch!»
525 2127 1303 2168 Die maus sagt: »ich zernage [es] nicht.»
523 2186 1466 2226 »Mein kätzchen, mein kätzchen, friss die maus!»
523 2247 1279 2288 Die katze sagt: »ich fresse [sie] nicht.»
522 2307 1546 2347 »Mein räuchlein, mein räuchlein, ersticke die katze!»
458 2443 1642 2481 \1\ Den sinn des wortes veń kannte die erzählerin nicht. Sie glaubte,
355 2496 1641 2529 es sei der name eines tieres. Im udorischen dialekt veń s krankheit',
