1796 2942
694 257 866 287 — 155 —
252 350 1086 392 {94. karta dori̮n ki̮k akań je̮kte̮. — ve̮v-pel̕.}
254 411 1430 453 {95. kerka ge̮ge̮r gez (od: śe̮d gez) ge̮grale̮ (od: gart̕t̕śe̮). — ńitš.}
252 471 1039 513 {96. kerkai̮n śie̮s, i̮vlai̮n skamja. — pon,}
253 532 1245 573 {97. kerka ti̮r je̮z, da e̮ši̮ń ńi e̮₍d̕źe̮s abu. — e̮gurt̕śi.}
254 592 1434 634 {98. ke̮rt e̮ši̮ńe̮d (od: e̮ši̮ń pi̮r) bud̕imer mi̮t̕t̕śa̭śe̮. — suńi̮s jeme̮}
149 653 297 694 {pi̮sale̮m.}
255 713 1434 754 {99. ke̮t̕ś t̕śḙt̕t̕śalas da t̕śḙt̕t̕śalas, pukśi̮las ke̮ te̮d̕t̕śas. — pož-}
150 784 271 806 {naśe̮m.}
258 833 1357 874 {100. ki-paśta śe̮d, śe̮d še̮ras roź, roź še̮ras ki̮v. — toman,}
259 893 1019 932 {101. kite̮m, kokte̮m, e̮₍d̕źe̮s vośte̮. — te̮v.}
258 952 1238 994 {102. ki̮k akań vo₍t̕śa vi₍dl̕źe̮d̕t̕śe̮ni̮. — pel̕jas ve̮vle̮n,.}
259 1012 1434 1054 {103. ki̮k bud̕imer mi̮t̕t̕śa̭śe̮, vit-pon tšapke̮. — zi̮ri̮m sul̕e̮m.}
258 1072 1434 1114 {104. ki̮k d̕źo₍d̕źe̮g lebźe̮ni̮ da puse̮ i pal̕it̕śse̮ lebe̮de̮ni̮. — śor.}
257 1203 1437 1244 94. Beim viehpferch tanzen zwei puppen. — Die pferde-
156 1265 268 1297 ohren.
259 1324 1439 1363 95. Um das haus windet sich ein strick (od: ein schwarzer
156 1384 974 1425 strick). — Das moos [in den wandritzen].
260 1445 1441 1483 96. In der stube ist es ein kummet, draussen eine bank. —
159 1506 354 1538 Der hund.
261 1564 1440 1602 97. Eine stube voll volk, aber es ist kein fenster, keine tür
162 1625 718 1667 [in der stube]. — Die gurke.
261 1684 1443 1724 98. In einem eisernen fenster zeigt sich ein possenreisser. —
160 1745 629 1778 Das einfädeln der nadel.
263 1804 1443 1845 99. Der hase hüpft und hüpft, wenn er sich setzt, hinter-
160 1865 1070 1906 lässt er eine spur. — Das sieben [des mehles].
267 1925 1442 1964 100. Eine handbreit schwarz, in der mitte des schwarzen
163 1985 1351 2026 ein loch, in der mitte des loches eine zunge. — Das schloss.
268 2046 1277 2085 101. Handlos, fusslos, öffnet die tür. — Der wind.
268 2105 1445 2147 102. Zwei puppen schauen einander an. — Die ohren des
163 2168 304 2208 pferdes.
270 2224 1446 2268 103. Zwei gaukler zeigen sich, ein fünfend ergreift [sie]. —
165 2288 666 2320 Das schnäuzen des rotzes.
269 2344 1446 2388 104. Zwei gänse fliegen und tragen im flug ihre sieben
165 2406 1114 2449 sachen [mit sich]. — Die sparren [in der stube].
