1802 2936
709 258 900 287 — 221 —
537 349 1098 392 {das-ki̮k-voža mol̕ja-poma plet!}
538 409 941 444 {kvai̭t-vožase̮ bośtas da}
476 471 900 510 {50. ne̮i̭tas da ne̮i̭tas da}
538 530 865 564 {ale̮i̭ viri̮s iskovtas}
538 590 832 632 {pel̕-pom vi̮je̮ni̮s.}
538 651 935 684 {e̮kmi̮s-vožse̮ bośtas da}
540 712 897 749 {ne̮i̭tas da ne̮i̭tas da}
476 771 870 810 {55. ale̮i̭ viri̮s iskovtas}
538 831 749 871 {kos vi̮je̮ni̮s.}
539 890 968 929 {das-ki̮k-vožse̮ bośtas da}
539 952 897 991 {ne̮i̭tas da ne̮i̭tas da}
540 1010 868 1048 {ale̮i̭ viri̮s iskovtas}
477 1071 844 1111 {50. kok-t̕śuń vi̮je̮ni̮s.}
541 1130 1024 1171 {lebźe̮m ke̮k-akań kod̕ kol̕e̮,}
541 1190 1026 1224 {lebźe̮m ke̮k-akań kod̕ kol̕e̮.}
336 1434 1190 1475 sogar eine knute mit zwölf knotigen enden!
338 1493 1191 1535 Er nimmt seine sechsendige [knute] — und
273 1554 925 1594 50. er schlägt und er prügelt und
338 1614 818 1647 das rosenrote blut fliesst
340 1674 893 1707 bis auf ihre schultern hinab.
339 1734 1157 1774 Er nimmt seine neunendige knute — und
338 1794 917 1835 er schlägt und er prügelt und
274 1854 824 1887 55. das rosenrote blut fliesst
338 1914 844 1947 bis auf ihre lenden hinab.
340 1974 1165 2014 Er nimmt seine zwölfendige knute — und
341 2034 922 2074 er schlägt und er prügelt und
341 2093 820 2126 das rosenrote blut fliesst
276 2154 829 2187 50. bis auf ihre zehen hinab.
340 2212 1288 2249 Sie verbleibt einer verblühten niesswurz ähnlich,
340 2273 1278 2307 sie verbleibt einer verblühten niesswurz ähnlich.
