1802 2952
902 282 1029 311 – 236
678 376 1093 414 {oi̭ oi̭, oi̭ oi̭, oi̭ oi̭, oi̭!}
682 436 1085 477 {mete̮g ve̮d gažte̮m loe̮!}
975 585 1026 615 27.
678 668 1182 709 {mene̮ mame̮ tome̮n ge̮tralis,}
678 729 1077 770 {ge̮ti̮re̮i̭ mene̮ oz l̕ubit:}
679 788 1165 827 {ki̮t̕t̕śe̮ i̮sta, set̕t̕śe̮ oz mun,}
679 849 1187 889 {ki̮t̕t̕śe̮ og i̮sta, set̕t̕śe̮ mune̮!}
630 909 1221 949 5. mi̮i̭ tše̮kta kerni̮, sije̮ oz ker,}
678 970 1128 1011 {mi̮i̭ og tše̮kti̮, sije̮ kere̮!}
679 1031 1072 1069 {bazaras ke̮ me let̕t̕śa,}
679 1091 1093 1132 {re̮m-pe̮štanse̮ me ńe̮ba,}
680 1152 1172 1192 {re̮m-pe̮štan pi̮ri̮ś vi₍d̕źe̮dla,}
617 1211 1121 1252 {10. as mi₍t̕śa vi̮le̮ d̕ivui̭₍t̕śa.}
680 1271 1044 1311 {atte̮ d̕ive̮, atte̮ t̕śude̮}
679 1332 1126 1372 {mi̮ja me ta₍tše̮m mi₍t̕śa,}
578 1477 1074 1516 oh oh, oh oh, oh oh, oh!
578 1536 1339 1578 Wie öde wird's [euch] ohne mich sein!
1300 1598 1540 1637 (Vgl. n:o 39.)
976 1720 1028 1749 27.
525 1802 1261 1843 Meine mutter verheiratete mich jung,
525 1862 1147 1895 meine frau hat mich nicht lieb:
522 1921 1438 1962 Wo ich [sie] hinschicke, da geht sie nicht hin,
523 1981 1431 2022 wo ich [sie] nicht hinschicke, da geht sie hin!
475 2041 1371 2082 5. Was ich [sie] tun heisse, das tut sie nicht,
521 2101 1275 2142 was ich [sie] nicht heisse, das tut sie!
525 2161 1130 2202 Wenn ich auf den markt gehe,
523 2221 1093 2262 kaufe ich [mir] einen spiegel,
524 2281 1025 2321 in den spiegel schaue ich,
462 2341 1489 2382 10. über meine eigene schönheit verwundre ich mich.
524 2402 1020 2435 Ach wunder über wunder
523 2461 990 2500 wie schön bin ich doch,
