1796 2937
705 278 831 307 – 229
580 370 919 412 {sijḙ ole̮me̮n ošji̮śe̮:}
580 430 933 469 {śo-veti̮·mi̮n karaba!}
582 490 973 532 {»pukali me, dumai̭ti:}
581 550 1003 592 {me si̮ saje̮ i og mun!»}
519 610 996 644 {20. kat̕an koraś ńimale̮:}
583 670 968 712 {traktiri̮ś muži̮k peti;}
582 730 925 772 {sije̮ ole̮me̮n ošji̮śe̮:}
582 790 1003 832 {e̮t̕ik skripka da gude̮k,}
584 851 965 884 {koi̭me̮di̮s balalai̭kan!}
519 909 974 952 {25. »pukali me, dumai̭ti:}
583 970 945 1011 {me si̮ saje̮ i muna,}
584 1029 1021 1070 {lun ke̮t̕ voi̭ gude̮kaśam!}
584 1090 947 1130 {bazar vi̮le̮ ke̮ let̕t̕śa,}
586 1151 862 1191 tši̮g ke̮t̕ pe̮t —}
521 1209 1050 1249 {30. vek ńin muži̮kle̮n baba!»}
226 1444 770 1477 er rühmt seine verhältnisse:
225 1504 896 1545 hundertundfünfzig schiffe [hat er]!
225 1565 787 1605 »lch sass da [und] überlegte:
226 1624 691 1665 zu ihm gehe ich nicht!»
161 1684 909 1725 20. Kätchens bräutigam wird genannt:
225 1745 923 1785 aus der kneipe ging ein mann weg;
226 1804 769 1838 er rühmt seine verhältnisse:
226 1865 839 1902 eine fiedel und eine harmonika,
229 1925 778 1966 [und] zudritt eine balalaika!
161 1984 790 2025 25. »lch sass da [und] überlegte:
226 2045 656 2085 zu ihm gehe ich aber,
226 2103 1084 2144 und wir spielen, sei es nun tag oder nacht!
226 2163 798 2203 Wenn ich in den bazar gehe,
226 2224 867 2265 sei ich nun hungrig oder satt —
162 2281 1143 2317 30. immerhin doch bin ich eine verheiratete frau!»
