1857 2976
747 263 939 292 — 135 —
747 411 936 441 E. Luza.
768 487 917 527 (Nošuf.)
814 595 864 625 56.
770 680 904 702 {ve̮rsa}
302 753 1481 795 {mort uźe̮ ve̮ri̮n kolai̮n. sija dine̮ laktis mort i šuis sile̮: »led̕ź}
194 813 1481 855 {mene̮ uźni̮!» mort viśtalis sile̮: »uź!» sija uźis, asi̮li̮n t̕śḙt̕t̕śis, viśta-}
195 873 1481 916 {lis »spaśibe!» i me̮dis munni̮. aski vo₍d̕źi̮n le₍d̕źi̮ś mortle̮ me̮dis śurni̮}
196 933 1479 976 {una pe̮tkai̮s: oz vermi̮ li̮i̭li̮ni̮. sija uźi̮ś morti̮s ve̮le̮ma vḙrsa. sija}
192 995 651 1037 {me̮de̮dis pe̮tkase̮ uźe̮mśi̮s.}
813 1110 862 1139 57.
627 1185 1044 1225 {ve̮rsale̮n ponmi̮s.}
298 1270 1479 1311 {mort uźe̮ ve̮ri̮n nodja dori̮n. sija dine̮ voi̭is pon. mort blage̮-}
193 1329 1479 1369 {sle̮vitis i śetis sile̮ ńa̭ń. seśśa sija dine̮ laktis ve̮rsa i šuis: »me̮i̭ vi̮le̮}
813 1481 863 1510 56.
656 1557 1022 1597 Der waldgeist.
301 1633 1476 1668 Ein mann schläft in einer hütte im walde. Zu ihm kam ein
194 1693 1476 1736 mann und sagte zu ihm: »Lass mich [für die nacht] zum schlafen
197 1755 1476 1796 ein!» Der mann sagte zu ihm: »Schlafe!» Er schlief, am morgen
196 1815 1477 1856 stand er auf, dankte und begab sich weg. Früh am folgenden
198 1875 1477 1916 morgen erschienen [eig. begannen zu erscheinen] dem manne, der
203 1935 1475 1976 [den anderen zum schlafen] eingelassen hatte, viele vögel: [so
195 1995 1475 2035 viele, dass] er sie nicht schiessen kann. Der schlafgast war ein
196 2054 1477 2096 waldgeist. Er sandte die vögel [als belohnung] für seinen nächt-
192 2114 525 2148 lichen aufenthalt.
810 2205 859 2233 57.
496 2277 1173 2318 Der hund des waldgeistes.
298 2353 1475 2388 Ein mann schläft im walde beim notfeuer. Zu ihm kam
192 2414 1475 2455 ein hund. Der mann segnete und gab ihm brot. Darnach kam
192 2473 1475 2515 zu ihm ein waldgeist und sagte: »Warum hast du meinem hunde
