1796 2933
725 230 857 259 — 59 —
148 322 1434 364 {e̮šjasi̮d i̮že̮s vie̮mae̮ś! me sud̕it̕t̕śi̮ni̮ muna!» si̮li̮ śetasni̮ med bur
150 382 1378 424 {e̮šse̮. sijḙ e̮š bośtas, dod̕d̕a̭śas da pes keravni̮ munas. a₍t̕śi̮s śi̮le̮:}
562 469 846 509 {»ke̮ti kure̮g vi̮le̮,}
562 529 829 569 {kure̮g juś vi̮le̮,}
560 590 762 631 {juś i̮ž vi̮le̮,}
566 650 743 689 {i̮ž e̮š vi̮le̮,}
512 710 978 752 { uu-t̕śe̮ uu-t̕śe̮\1\ gorte!»}
254 796 1435 837 {si̮li̮ pani̮d loe̮ ke̮i̭in. »d̕ad̕e̮, d̕a̭d̕e̮, zev tai̭ le̮śi̮da śi̮lan! mene̮}
153 856 1434 897 tše̮tš on bośt?» »lok no, pukśi̮!» bara sid̕ź že̮ d̕a̭d̕e̮ kutas śi̮vni̮.}
152 915 1437 958 {pani̮daśasni̮ ke̮t̕śke̮d, rut̕śke̮d i oške̮d. naje̮s tše̮tš pukśe̮das. kor-ke̮}
152 976 1437 1017 {i ve̮re̮ voasni̮. naje̮ šuasni̮ d̕a̭d̕e̮li̮: »mun te, keraś, mi tan olam!»}
153 1036 1436 1077 {d̕a̭d̕e̮ pi̮ras ve̮re̮ pes keravni̮, a naje̮ seni e̮šse̮ nat̕śkasni̮, ja̭i̭se̮ per-}
151 1095 1434 1137 {jasni̮ da śojasni̮, a ku₍t̕śik pijas i₍d̕źas śujalasni̮ da be̮r vurasni̮.}
152 1156 1438 1197 {kor-ke̮ d̕a̭d̕e̮ loktas, e̮še̮s kut̕śkas pl̕ḙt̕e̮n, a e̮š tol̕ko puš mune̮: oz}
256 1242 908 1280 \1\ Qu-t̕śe̮: antreibungswort für kühe.
159 1370 1434 1411 [ihn] vor einen schlitten und geht [in den wald] um holz zu hacken.
153 1432 450 1472 Selber singt er:
360 1517 1210 1557 »Die schuhe [vertauschte ich] für ein huhn,
361 1578 898 1616 das huhn für einen schwan,
362 1638 860 1676 den schwan für ein schaf,
362 1698 890 1736 das schaf für einen ochsen,
360 1758 827 1799 hü, [ochse,] nachhause!»
260 1842 1439 1883 Ihm entgegen kommt ein wolf: »Mein onkelchen, mein on-
157 1902 1440 1943 kelchen, gar schön singst du! Nimmst du mich nicht mit [dir]?»
157 1963 1440 2004 »Nun, komm, setz dich!» Wiederum beginnt der alte in dersel-
157 2024 1440 2064 ben weise zu singen. Sie begegnen einem hasen, einem fuchs und
157 2083 1437 2124 einem bären. Er [der alte] nimmt diese mit sich [und heisst sie]
159 2142 1440 2184 niedersitzen. Schliesslich gelangen sie in den wald. Sie [die
157 2203 1440 2244 tiere] sagen zu dem manne: »Geh du, hacke [holz], wir bleiben
158 2263 1442 2303 hier!» Der alte geht in den wald um holz zu hacken, sie aber
158 2323 1442 2363 töten dort den ochsen, reissen das fleisch heraus und essen [es], in
158 2382 1441 2423 die haut aber stecken sie stroh und nähen [die haut] wieder zu-
158 2442 1441 2483 sammen. Schliesslich kommt der alte herbei, schlägt den ochsen
