1816 2943
924 246 1075 274 — 8 —
358 337 1650 379 {estšem sumkasɛ?» »ki̮ś vaji! pe̮ri̮ś tē̮li̮ś.» »vuzō menum sumkatɛ!»}
358 398 1644 440 {»og, og vuzō, kum!» »mḙ tḙni̮d śḙta ńol̕ e̮š.» ku₍t̕śis muži·k dumai̭tni̮,}
357 459 1648 499 {a babai̮s i viśtalɛ: »vuzō vit e̮ški̮ś. ved sii̭en mii̭an loɛ di̮r ōni̮.»}
354 520 1642 563 {muži·k dumai̭tis da i vuzalis vit e̮ški̮ś i bara ku₍t̕śis vo₍d̕źa mòz ōni̮.}
357 582 1647 624 {si̮a bara muni pe̮ri̮ś tē̮ o̭rdɛ sumkala: »vi₍d̕źa olan! mḙ bara tḙ o̭rdad}
357 642 1643 684 {vo̭i̭i.» »viśtō, mi̮l̕a vo̭i̭in.» »mḙnt̕śum sumkaes guisni̮s, kodes tḙ śḙtin,}
357 704 1642 744 {vai̭ mḙn sumka!» »vot tḙni̮d sumka! tol̕ko viśtō: 'sumkaɛ, sumkaɛ,}
357 765 1644 806 {vai̭ śoi̭ni̮!', sek a₍t̕śi̮d te̮dan, mi̮i̭ śḙtas!» muži·k bośtis da i muni}
355 826 1643 866 {vo̭i̭i gòrtɛ i viśtalɛ: »sumkaɛ, vai̭ śoi̭ni̮!», a sumkai̮ś t̕śḙt̕t̕śis me̮let da}
357 887 1644 929 {i vai̭ sii̭ɛ vini̮! muži·klen i sai̭di̮s ku₍t̕śis vošōni̮ a me̮let pi̮r sii̭ɛ}
356 947 1645 990 {vii̭ɛ. eštis viśtōni̮: »sumkaɛ, sumkaɛ, vò̭d!» i si̮a bara vo̭dis. muži·k}
356 1009 1643 1051 {seśśa kè̮rtalis mešek-vo̭msɛ, med òz bara t̕śḙt̕t̕śi̮. seśśa baba vo̭i̭is,}
357 1069 1644 1112 {»mi̮i̭ vajin, muži·kɛ?» jualɛ. muži·k viśtalɛ: »sumka vaji». baba}
358 1209 1642 1252 [und] frage [ihn]!» Er ging und fragte den gevatter: »Wo hast du
356 1269 1641 1311 denn solch einen ranzen hergebracht?» »Wo ich ihn hergebracht
356 1330 1644 1370 habe! Vom alten Wind.» »Verkaufe mir deinen ranzen!» »Nein,
356 1391 1643 1432 ich verkaufe ihn nicht, gevatter!» »lch gebe dir vier ochsen [da-
355 1450 1641 1491 für].» Es begann der mann zu überlegen, und die frau sagt: »Ver-
355 1510 1646 1551 kaufe ihn für fünf ochsen. Von denen können wir ja lange leben.»
358 1570 1641 1612 Der mann überlegte und verkaufte [ihn] denn auch für fünf ochsen
356 1630 1641 1671 und begann wieder zu leben wie zuvor. Wieder ging er zum alten
355 1691 1640 1731 Wind, um einen ranzen zu erhalten: »Gott zum gruss! Ich bin
354 1751 1643 1791 wieder zu dir gekommen.» »Sage, warum du gekommen bist.»
355 1811 1641 1853 »Sie haben mir meinen ranzen gestohlen, den du [mir] gabst. Gib
354 1871 1642 1911 mir einen [neuen] ranzen!» »Da! da ist ein ranzen für dich! Sage
354 1930 1642 1971 bloss: 'Mein ranzen, mein ranzen, gib [mir] zu essen!' Dann weisst
355 1991 1640 2031 du selber, was er gibt!» Der mann nahm [den ranzen] und kam
354 2051 1638 2093 zuhause an und sagt: »Mein ranzen, gib [mir] essen!», aus dem
353 2111 1638 2152 ranzen aber sprang ein hammer hervor, und wie der ihn zu prü-
352 2171 1639 2212 geln anfing! Der mann begann schon die besinnung zu verlieren,
353 2232 1639 2272 aber der hammer prügelt ihn in einemfort. Er vermochte [den-
353 2292 1640 2332 noch noch] zu sagen: »Mein ranzen, mein ranzen, leg dich zur
352 2351 1640 2392 ruhe!» und er ging wieder zur ruhe. Der mann band dann die
352 2412 1636 2452 öffnung des ranzens zu, damit jener nicht wieder herausspränge.
352 2472 1637 2512 Dann kommt sein weib herzu und fragt: »Was hast du mitge-
