1799 2957
908 274 1036 303 – 266
631 368 1488 411 {porog-uv gol̕iki̮s tujas (med te mene̮) vi₍d̕źin!}
569 429 1107 461 {45. zev že ńin menam tenśi̮d}
634 489 973 528 {bur śinte̮ vežśe̮ma,}
635 549 1068 589 {bur pel̕te̮ śe̮dme̮d̕t̕śe̮ma!}
633 608 1299 649 {jona že̮ ńin te menśi̮m vi₍d̕źe̮de̮mi̮d}
636 669 1060 710 {zarńia li̮ska śin pi̮ri̮d,}
572 730 1018 771 {50. ezi̮ś-ki̮₍tša pel̕ pi̮ri̮d.}
637 791 1192 830 {set̕t̕śe̮ ve̮d muna, końe̮ruškae̮i̭,}
634 851 1108 892 {gaške̮ me og kuž ovni̮ se̮,}
635 912 1000 952 {sluga tujas og kuž!}
636 972 1494 1013 {gaśke̮ me seni tuvt̕t̕śi̮ni̮s ńi pukśi̮ni̮s og kuž!}
574 1032 1217 1073 {55. bi̮dse̮n pondasni̮ mene̮ śeravni̮!}
638 1093 1153 1133 {jondži̮ka me kuta tuvt̕t̕śi̮ni̮,}
637 1153 1130 1194 {»l̕oki̮sla» pe̮ »taje̮ zi̮mjale̮!»}
638 1214 1078 1252 {ome̮l̕dži̮ka me tuvt̕t̕śala,}
640 1273 1204 1315 {»di̮ši̮sla» pe̮ »taje̮ oz tuvt̕t̕śav!»}
432 1412 1657 1452 hättest du mich doch nur [wenigstens] für den reiserbesen unter
1189 1473 1654 1513 der schwelle angesehen!
371 1524 944 1564 45. Arg habe ich dir ja schon
437 1584 1396 1624 deine guten augen [meiner] überdrüssig gemacht,
435 1644 1036 1684 deine guten ohren angestrengt!
435 1704 1144 1744 Viel hast du mich schon angeschaut
436 1763 1075 1804 durch die goldwimperigen augen,
374 1824 1055 1864 50. durch die silberberingten ohren.
439 1884 1112 1924 Dorthin [in die ehe] gehe ich nun,
439 1943 1425 1984 vielleicht kann ich nicht einmal [zu gefallen] sein,
437 2003 1354 2045 als dienerin tauge ich [vielleicht] nicht einmal.
437 2063 1611 2103 Vielleicht weiss ich dort nicht einherzugehen, noch mich zu
1195 2124 1325 2155 setzen!
374 2184 1162 2225 55. Alle fangen an über mich zu lachen!
438 2243 1146 2283 Wenn ich lauter auftrete, sagen sie:
439 2303 1373 2344 »Aus garstigkeit klopft sie mit den füssen auf!»
438 2362 1232 2403 Wenn ich leiser dahinschreite, sagen sie:
441 2422 1415 2464 »Aus faulheit geht sie nicht [wie es sich gehört]!»
