1811 2961
923 275 1112 304 — 160 —
481 367 1664 410 {144. mi₍t̕śa mi₍t̕śa it̕ś-mon, da voi̭ i lun (od: lun i voi̭) jur-}
378 428 757 468 {bite̮. — kaga-lai̭kan,}
482 488 1661 531 145. mi₍t̕śa mi₍t̕śani̮v, da li̮pi̮ri̮s i ja̭i̭pi̮ri̮s vemi̮s ti̮dale̮. — śiś.}
483 549 1660 590 146. mi₍t̕śa mi₍t̕śa — ńe ni̮v, be̮ža be̮ža — ńe ši̮r. — śorkńi.}
483 610 1275 652 {147. more̮ vome̮n ńar ji kute̮ma. — keń.}
484 672 1085 710 {148. mue̮ bi̮dme̮ vužte̮m. — iz.}
484 732 1017 772 {149. mugu mugu mu vi̮li̮n,
597 793 959 833 {vagu vagu va vi̮li̮n,
599 853 1055 892 {t̕śe̮ski̮d kuri̮d bad̕ dori̮n,}
600 914 1567 955 {śe̮le̮m-vi₍d̕źan džadž dori̮n. — ńa̭ń, va, tag da sov.}
483 975 1559 1016 {150. mui̮s dona dona, borji̮s ješše̮ dona. — kuź-t̕śi̮šjan,}
483 1036 1664 1078 151. muna muna — tui̭ abu, vunda vunda — vir oz pet. —}
378 1100 640 1136 {pi̮že̮n mune̮m.}
482 1228 1664 1269 144. Eine schöne, schöne junge frau, verneigt sich aber
378 1289 1518 1330 nacht und tag (od: tag und nacht). — Die kinderwiege.\1\
482 1350 1663 1388 145. Eine schöne, schöne maid, durch knochen und fleisch
378 1410 1165 1442 sieht man aber das mark. — Die kerze.
485 1469 1663 1511 146. Schön, schön — ist keine jungfrau, geschwänzt, ge-
377 1529 1195 1562 schwänzt — ist keine maus. — Die rübe.
483 1590 1662 1630 147. Das meer ist mit dünnem eis überzogen. — Das häut-
380 1649 1205 1690 chen [z. b. auf der milch oder der suppe].
485 1710 1660 1750 148. Ohne wurzeln wächst es in die erde [fest]. — Der stein.
483 1770 1127 1811 {149. mugu, mugu: auf der erde,
597 1830 1154 1871 {vagu, vaguž auf dem wasser,
599 1890 1380 1930 etwas süsses, kräftiges neben der weide,
597 1950 1665 1982 des herzens erhalter auf dem rande des wandbretts. —
379 2010 1035 2050 Brot, wasser, hopfen und salz.
482 2070 1664 2109 150. Der acker ist teuer, teuer, seine raine noch teurer. —
379 2130 1661 2171 Das handtuch [an dessen beiden enden stickereien und spitzen sind].
482 2189 1664 2230 151. Ich wandre, ich wandre — ein weg ist nicht da, ich
376 2249 1664 2289 schneide, ich schneide — es fliesst kein blut. — Das fahren
378 2310 538 2343 im boot.
480 2432 751 2470 \1\ Vgl. nr. 133.
480 2493 937 2522 2 Unverstandliche wörter.
