1832 2952
984 247 1086 275 14 —
361 337 1648 380 {ad̕d̕źas šor, ke̮sjas seś juni̮; vai̮s zev gudi̮r da oz ju. vo₍d̕źe̮ munas,}
360 397 1646 439 {ad̕d̕źas jukme̮s. seni zarńi ke̮š gi̮bale̮. sar ke̮šse̮ kutalas da kutalas:}
362 457 1649 501 {ke̮š oz šed. seśśa i šue̮: »on-ke̮ ve̮d šed, me i sid̕ź jua!» sar kutas}
360 517 1644 560 {juni̮, a jukme̮sas ve̮le̮ma vasa, da sije̮ toške̮di̮s i kutas. sar šue̮:}
362 579 1646 622 {»led̕ź, led̕ź, mi̮i̭ koran, sije̮ i śeta!» »mi̮i̭ ted med jona kole̮ — sije̮s\1\}
362 639 1650 682 {-ke̮ śetan, i le₍d̕źa.» sar dumai̭te̮: »mi̮i̭ že̮ menam med kolan tori̮s?»}
361 700 1648 744 {seśśa šuḙ: »śeta!» sar gortas munas, a gortas pi t̕śuže̮ma. sar zev}
361 759 1647 804 {jona be̮rd̕źas. pi bi̮dme̮ ńin, a sar vek šogśe̮. e̮t̕t̕śi̮d pii̮s juale̮ ba-}
361 820 1648 864 {t̕i̮sli̮ś: »mi̮i̭ ne̮ te, bat̕e̮, vek šogśan?» »ok, pie̮i̭, pie̮i̭, me ve̮d tene̮}
360 881 1528 924 {vasali̮ ke̮sji̮śli!» »mi̮i̭ ne̮ seśśa keran! ke̮sji̮ślin-ke̮, i muna!»}
463 942 1648 985 {e̮t̕t̕śi̮d sar-pi petas sadje̮ gul̕a̭i̭tni̮. seni gul̕a̭i̭tas regi̮d̕ik, da e̮₍d̕źe̮s}
361 1002 1649 1043 {ad̕d̕źas. sije̮ set̕t̕śe̮ pi̮ras da munas, da bara e̮₍d̕źe̮s voas. si₍d̕źik}
464 1114 705 1154 \1\ oder: sije̮e̮s}
360 1246 1648 1286 bach [und] will daraus trinken; das wasser war sehr trüb und
365 1306 1646 1347 [da] trinkt er nicht. Er wandert weiter [und] gewahrt eine wuhne.
362 1367 1648 1408 Darin schwebt eine goldene schöpfkelle. Der zar greift und greift
361 1427 1646 1468 nach der kelle: die kelle kommt ihm nicht in die hand. Da sagt
361 1487 1648 1527 er: »Da ich dich nicht fassen kann, trinke ich ohne dich!» Der
361 1547 1646 1589 zar beginnt zu trinken, aber in der wuhne war ein wassergeist,
361 1607 1646 1648 und der ergreift [den zaren] beim barte. Der zar sagt: »Lass los,
360 1668 1647 1707 lass los, um was du auch bittest, ich gebe es dir!» »Wenn du
360 1728 1646 1768 mir das gibst, was das allernotwendigste für dich ist, so lasse ich
365 1787 1646 1829 [dich] los.» Der zar überlegt: »Was ist denn das notwendigste gerät
360 1848 1649 1889 für mich?» Darauf sagt er: »lch gebe [es dir]!» Der zar geht nach-
359 1909 1648 1948 hause, aber da war [ihm] ein sohn geboren worden. Der zar be-
361 1968 1648 2009 ginnt heftig zu weinen. Der knabe wird schon gross, der zar aber
360 2028 1646 2068 trauert immer nur. Einmal fragt der knabe seinen vater: »Warum,
360 2088 1647 2128 mein väterchen, bist du immer nur so traurig?» »Oh, mein sohn,
360 2149 1647 2188 mein sohn, ich habe dich ja dem wassergeist versprochen!» »Nun,
360 2208 1649 2248 was ist dabei zu tun! Wenn du mich versprochen hast, so
361 2268 553 2308 gehe ich!»
465 2328 1644 2368 Einmal geht der zarensohn in dem garten spazieren.
362 2388 1647 2428 Dort geht er eine weile umher und erblickt eine tür. Er geht
360 2448 1648 2488 durch sie hinein und wandert vorwärts und gelangt wieder an
