1807 2960
921 255 1071 275 — 2 —
351 347 1640 389 {vi̮śtalis: »vai̭lɛ, ko̭k ulam mḙnum tšuped karlɛ, mi sijɛ ji̮ vi̮las ki̮s-}
352 409 1640 451 {kam!» sijɛ kī̮sɛ kùd̕ź ve̮i̭pis, seśśa vasai̮s i le₍d̕źis; vaas tol̕ko ki̮k}
352 471 600 504 {vḙś i kutema}
980 597 1008 626 2.
879 671 1103 704 {d̕ik iva·n}
454 757 1636 798 {olis vi̮lis gòzja. ni̮len ve̮li kujim pi. ki̮k pe̮ri̮śi̮s ve̮lini̮s se₍t'še·m}
351 818 1636 860 {tatšemeś, a koi̭med pii̮s pi̮r pir d̕ik ve̮li. e̮tpi̮r ki̮k pe̮ri̮ś pii̮s mu-}
349 879 1635 920 {nini̮s naži̮va vi̮lɛ, a d̕ik pii̮s e̮tnas ko̭l̕i aji̮s dorɛ. tol̕ko śojɛ da juɛ}
349 940 1636 981 {da śilɛ! vo̭da·s pat̕ś vi̮lɛ ùźni̮; kut̕śas xrapitni̮ — tol'ko kḙrkai̮s}
348 1001 1637 1042 ve̮rɛ. aji̮s sijɛ pal̕edis da i viśtalɛ: »mun, pii̭ɛ, naži̮va vi̮lɛ! a iva·n}
347 1061 1637 1103 {vi̮śtalɛ: »mḙnum i taten bur!» pińa̭śas pińa̭śas starik da i bara si̮}
347 1123 1366 1165 {vi̮lɛ pukśa·s, i̮štɛ pe ki̮k pi tai̭ vi̮ji̮·m vḙrdni̮ starikes.}
450 1185 1632 1226 {vot e̮tpi̮r d̕ik iva·n dumai̭tɛ: »vaj muna, ki̮₍t̕śɛ kokɛ nuedas,}
346 1326 1635 1366 macht unter meinem fuss eine vertiefung\1\, wir ziehen ihn aufs
347 1387 1631 1427 eis! Sobald er diese worte gesagt hatte, liess der wassergeist
346 1446 1630 1488 auch los; im wasser behielt er [für sich] nur zwei spannen [von
345 1507 546 1545 dem netz].
972 1604 1000 1632 2.
768 1680 1201 1711 Dumm Hänschen.
447 1766 1632 1807 Es war einmal ein ehepaar, Sie hatten drei söhne. Die
342 1826 1627 1865 beiden älteren waren so so, der dritte knabe aber war schrecklich
342 1886 1628 1925 dumm. Einmal gingen die beiden älteren söhne auf verdienst
341 1946 1628 1985 aus, der dumme knabe jedoch blieb allein beim vater. Er isst
340 2005 1626 2046 und trinkt und singt bloss! Er legt sich zum schlafen auf den
341 2065 1627 2105 ofen; [da] er zu schnarchen anhebt — erzittert das haus. Der
340 2124 1627 2165 vater weckte ihn auf und sagt: »Geh, mein sohn, auf verdienst aus!»
338 2185 1626 2225 Aber das Hänschen sagt: »lch fühle mich auch hier wohl!» Der
338 2244 1624 2286 alte schimpft, schimpft und tröstet sich [schliesslich] wieder damit,
338 2305 1621 2348 dass er ja doch [noch] zwei söhne hat, die [ihn] den greis ernähren.
441 2365 1630 2405 Nun, einmal denkt da dumm Hänschen bei sich: »Warte,
439 2470 1077 2500 \1\ um besser fuss fassen zu können.
