1826 2967
804 879 1262 934 lll. Sprichwörter.
827 1058 1238 1100 A. Vaška (Udora).
941 1139 1128 1180 (Važgort.)
495 1226 1112 1267 1. as udž gre̮š, je̮zle̮n kud̕ź ne̮š.}
493 1287 931 1324 2. as u₍dži̮ś on di̮šmi̮.}
493 1347 1418 1389 {3. bi̮d mort ke̮sjas kuvni̮s, kole̮ jen-nogńi ovni̮s.}
494 1407 1145 1449 {4. in śerav, pińśi̮d je₍dži̮d on lo!}
494 1466 841 1507 {5. ìz śuri ìz vi̮le̮.}
494 1527 1167 1568 6. ki̮rni̮š ki̮rni̮·šli̮ś śinse̮ oz kokav.}
494 1587 1485 1628 {7. kole̮ e̮t-pi̮r oški̮ś povźi̮·ni̮s, me̮di̮ś mi̮rji̮ś povźan,}
494 1646 1186 1687 8. luka·śi̮ś me̮sli̮ jen i śurse̮ oz śet.}
496 1778 1677 1820 1. Die eigene arbeit ist wie ein groschen [d. h. leicht], die
392 1839 1272 1880 fremde [arbeit] wie eine keule [d. h. schwer].
495 1900 1448 1940 2. Bei deiner eignen arbeit wirst du nicht faul.
495 1960 1678 2000 3. Alie menschen werden sterben, man muss [also] gottes-
391 2019 666 2060 fürchtig leben.
494 2080 1679 2120 4. Lache nicht, weisser als deine zähne wirst du [davon
392 2140 624 2180 doch] nicht!
495 2199 1676 2241 5. Der stein traf auf stein [d. h. da fand er seinen meister].
495 2259 1533 2300 6. Ein rabe pickt einem raben die augen nicht aus.
496 2319 1677 2360 7. Es ist bloss nötig, dass man einmal vor einem bären er-
393 2379 1679 2420 schrickt, dass zweite mal erschrickt man [schon] vor einem baum-
393 2441 532 2480 stumpf.
495 2499 1558 2541 8. Einer stossenden kuh gibt gott auch keine hörner.
