1812 2966
912 262 1082 290 — 16 —
351 353 1641 395 {lasni̮, bl̕ud vi̮le̮ kujimi̮ś śe̮li̮štasni̮ da aśni̮s i pi̮šjasni̮. kor-ke̮ vasa}
350 414 1640 456 {sad̕mas da i jirk jirk e̮₍d̕źe̮sse̮ keras, a e̮₍dt̕źe̮si̮s jigana. »vośte̮i̭, vośte̮i̭,}
349 474 1642 517 {mi̮i̭la ne̮ jignalid?!» »regi̮d, regi̮d, ke̮maśa da og ešti̮!» na pi̮d̕d̕i}
352 536 1641 577 {dul̕l̕i̮s šuas. vasa me̮di̮ś da koi̭me̮di̮ś gore̮das: »vośte̮i̭, vośte̮i̭, mi̮i̭la}
352 596 1641 638 {ne̮ jignalid?!» seśśa e̮₍d̕źe̮sse̮ t̕śužjas da e̮₍d̕źe̮si̮s i vośśas. vasa kaźa-}
353 657 1642 700 {las pi̮šje̮mte̮ da ve̮t̕t̕śi̮ni̮ kutas, a sar-pi ni̮vke̮d pi̮šjasni̮ pi̮šjasni̮ da}
353 718 1639 760 {oz kutni̮ vermi̮ni̮ pi̮šji̮ni̮s. turun pe̮vse̮ tupi̮t̕t̕śasni̮ i idje̮ pe̮re̮ni̮.}
352 779 1639 822 {a vasa tupi̮l̕t̕śas da t̕śipane̮ pe̮re̮ i idse̮ turun pe̮vśi̮s kutas kokavni̮.}
352 839 1641 883 {idjas ge̮gi̮t̕t̕śasni̮ da be̮r morte̮ pe̮re̮ni̮. t̕śipanse̮ viasni̮, a aśni̮s}
352 899 1034 942 {veńi₍t̕śai̭₍t̕śasni̮ da i e̮ni ole̮ni̮ vi̮le̮ni̮.}
352 1183 1642 1224 mal, als der wassergeist schlief, sperren sie ihn ein, spucken schnell
353 1244 1640 1285 dreimal auf einen teller und entfliehen. Nach einiger zeit wacht
352 1305 1640 1347 der wassergeist auf und pocht an die tür, die tür aber war ver-
351 1366 1641 1407 riegelt. »Macht auf, macht auf, warum habt ihr sie zugeschlos-
353 1426 1641 1464 sen?!» »Sofort, sofort, ich ziehe schuhe an die füsse und habe
357 1486 1638 1527 [jetzt] keine zeit!» sagt statt ihrer [der flüchtlinge] ihr speichel.
354 1546 1639 1586 Der wassergeist ruft ein zweites und drittes mal: »Macht auf,
352 1606 1640 1648 macht auf, warum habt ihr zugeriegelt?!» Dann stösst er mit
353 1666 1641 1707 dem fuss gegen die tür, und die tür geht auf. Der wassergeist
352 1727 1639 1768 bemerkt, dass sie entflohen sind, und beginnt ihnen nachzusetzen,
353 1787 1640 1829 aber der zarensohn und die jungfrau fliehen und fliehen und kön-
352 1846 1640 1888 nen [schliesslich] nicht mehr laufen. Sie werfen sich ins gras und
353 1907 1640 1948 verwandeln sich in gerste, Aber [auch] der wassergeist wirft sich
357 1965 1640 2008 [ins gras], verwandelt sich in ein huhn und beginnt aus dem gras
354 2025 1639 2068 die gerstenkörner zu picken. Die gerstenkörner drehen sich um
353 2087 1640 2128 und verwandeln sich wieder in menschen. Sie schlagen das huhn
354 2146 1552 2185 tot, sie selber aber lassen sich trauen und leben heute noch.
1297 2226 1537 2267 (Ust̕sysol̕sk.)
