1817 2962
924 279 1118 308 — 138 —
376 370 1665 413 {de̮be̮das, seki i be̮žte̮ lepti̮!» ke̮i̭in be̮žse̮ śujis e̮šme̮se̮, vit̕t̕śiśe̮ kor de̮be̮-}
377 431 1663 473 {das. seki be̮ži̮s ki̮nme̮ da ki̮nme̮. ke̮i̭in pukale̮ pukale̮, — oz de̮be̮d! ke̮i̭in}
378 491 1661 535 {ke̮sjis be̮žse̮ je̮rni̮: be̮ži̮s ki̮nme̮m(a) e̮šme̮s dinas. ke̮i̭in śinjasse̮ vośtis,}
377 552 1663 593 {e̮tore̮ me̮dore̮ vi₍d̕źi̮štis, ru₍t̕śe̮s me̮dis t̕śuksa·lni̮, oml̕a·lni̮ — ńe-kod}
376 613 1663 656 {abi̮! a rut̕ś ńin važe̮n pukale̮ ke̮i̭in pat̕t̕śe̮ri̮n i ke̮i̭inle̮ śerale̮. ke̮i̭in}
373 675 1663 717 {sen pesśe̮ i jonži̮ka oml̕ale̮. sija oml̕ale̮m-ši̮e̮ laktis ve̮rali̮ś, ke̮i̭ine̮s}
375 736 1382 778 {e̮šme̮s dinas viis, ku₍t̕śikse̮ kul̕is, a ja̭i̭se̮ rut̕śle̮ kol̕is.}
984 885 1055 915 60.\1\
480 968 1663 1010 {»talun ki̮t̕t̕śi̮ vetlin?» — »ve̮re̮.» — »me̮i̭la?» — »pesla.» — »i̮li̮·n-e̮}
376 1029 1006 1071 {tii̭an peski̮d?» — »ki̮k vers luie̮.»}
374 1161 1662 1203 setz dich, bewege dich nicht, warte, [und] wenn es anbeisst, dann
376 1222 1663 1263 hebe deinen schwanz [aus der wake]!» Der wolf steckte sienen
375 1283 1661 1324 schwanz in die wake [und] wartet, dass es anzubeissen beginne.
378 1344 1661 1386 Da [während er wartet] gefriert ihm der schwanz immer steifer.
378 1404 1663 1445 Der wolf sitzt [und] sitzt da, — es beisst nicht an! Der wolf
377 1464 1663 1498 wollte seinen schwanz in die höhe ziehen: der schwanz war an
376 1524 1660 1565 den rand der wuhne angefroren. Der wolf öffnete seine augen,
376 1584 1662 1625 blickte nach der einen seite [und] nach der andern, begann nach
376 1643 1663 1685 dem fuchse zu rufen [und] zu heulen — niemand ist da! Der
378 1705 1659 1745 fuchs aber sitzt schon lange zeit auf dem ofen des wolfes [und]
379 1765 1662 1798 lacht sich über den wolf ins fäustchen. Der wolf zerrt dort herum
377 1824 1661 1865 und heult immer lauter. Auf das geheul kam ein jäger herbei,
376 1884 1663 1925 tötete den wolf neben der wake, zog ihm die haut ab, das fleisch
376 1946 861 1979 aber liess er dem fuchse.
992 2061 1042 2090 60.
922 2136 1120 2177 Dialoge.
479 2220 1662 2262 »Wo bist du heute gewesen?» — »Im walde.» — »Wozu?» —
376 2280 1663 2315 »Um brennholz zu holen.» — »lst euer holz weit entfernt?» —
376 2342 1061 2382 »Zwei werst werden es [zu gehen].»
480 2446 1662 2486 \1\ Zum grössten teil frei nach Rogov Onurp rpann, nepn, nabika
375 2498 600 2536 p. 137140.
