1802 2976
966 249 1083 301 166 —
463 350 1614 403 {202. tše̮ki̮d tše̮ki̮d ve̮r, da ve̮v ve̮tli̮ni̮ ńer oz šed. — jur-śi.}
457 409 1658 465 {203. t̕śa̭ń t̕śire̮ste̮, uź ge̮re̮kte̮, da domi̮s tat̕t̕śe̮ uśe̮ (od: da}
352 470 961 520 {jeruslave̮d̕ź ki̮le̮). — giže̮m.}
460 530 1646 586 {204. t̕śere̮n keri̮štan, da bi̮dlae̮ te̮d̕t̕śe̮, e̮t̕ilae̮ oz te̮d̕t̕śe̮. — vu₍dže̮r.}
465 590 1660 650 {205. t̕śoi̭ pani̮d va kaje (od: vizi̮vte̮). — me̮s jue̮m (od.:}
353 650 494 698 {juve̮m).}
462 712 1654 772 {206. »t̕śuki̮l̕e̮ muki̮l̕e̮, ki̮t̕t̕śe̮ munan?» »ši̮re̮me̮ gognale̮me̮, mi̮i̭}
362 773 815 824 {ted mog!» — šor da tui̭,}
464 834 1653 889 {207. »t̕śuki̮l̕ muki̮l̕, ki̮t̕t̕śe̮ munan?» »ši̮re̮m-buri̮ś, mi̮i̭ ted mo-}
356 893 872 944 {gi̮s!» — ju da i̮tške̮m vid̕ź.}
464 954 1490 1012 {208. t̕śukl̕a t̕śož-ińe̮, śo-śinma vež-aje̮. — stan i kiś.}
460 1016 1644 1072 {209. t̕śukl̕a t̕śož-iń gozja, taras-aja pia, — i₍t̕ś-ińe̮ t̕uvkjale̮.}
364 1075 507 1125 {– stan.}
453 1217 1652 1269 202. Ein dichter, dichter wald, aber [dennoch] gibt es nicht
362 1277 1518 1328 [darin] eine gerte um das pferd anzutreiben. — Die haare.
458 1340 1646 1390 203. Das füllen wimmert, der hengst wiehert, die zügel rei-
356 1401 1644 1452 chen aber bis hierher (od.: [den ton] hört man bis zu Jaroslav).
368 1453 979 1508 {—  Das schreiben [eines briefes].
454 1520 1650 1573 204. Schlägst du mit der axt, so bleibt überall eine spur,
358 1580 1354 1628 [nur] an einer stelle bleibt keine. — Der schatten.
454 1639 1662 1691 205. Den berg hinauf geht (od.: strömt) das wasser. — Die
349 1699 573 1746 kuh trinkt.
464 1759 1662 1811 206. »Du krummer [und] schiefer, wo gehst du hin?» »Du
348 1820 1644 1873 geschorener [und] geschabter, was geht das dich an!» — Der bach
364 1880 608 1930 und der weg.
454 1942 1660 1992 207. »Du krummer [und] schiefer, wo gehst du hin?» »Du
347 2002 1649 2052 stutzkopf [eig.: stutzmähne], was geht das dich an!» — Der fluss
358 2060 858 2109 und die abgemähte wiese.
462 2122 1646 2174 208. Meine krummrückige tante, mein hundertäugiger tauf-
345 2182 1244 2230 vater. — Der webstuhl und der weberkamm.
457 2243 1652 2292 209. Die krummrückige tante mit ihrem mann, vater laras
354 2300 1644 2351 mit seinen söhnen, — meine stiefmutter läuft schnell hin und
354 2361 1654 2413 zurück. — Der webstuhl, [der weberkamm nebst den hafteln und
357 2422 768 2471 das weberschiffchen].
