1796 2930
778 275 884 304 69 —
156 365 1436 407 {lokni̮ gorte̮. si̮le̮n gorši̮s kutas zev kośmi̮ni̮. starik ad̕d̕źas jukme̮s.}
155 425 1439 467 {sije̮ ge̮rbi̮t̕t̕śas da kutas juni̮. sije̮s kod-ke̮ kvat̕itas kos še̮re̮di̮s. sta-}
156 486 1435 527 {rik gore̮das: »led̕ź, bat̕uško, kodi a₍t̕śi̮d? me teni̮d i̮₍dži̮d bur kera,}
157 546 1438 588 {le₍d̕źan-ke̮!» kuti̮śi̮s ve̮li oš. oš šuas: »ni̮vte̮-ke̮ śetan, le₍d̕źa!» starik}
156 607 1438 648 {šuas: »śeta, śeta!» muži̮k turun-dod̕nas kajas gortas da sarajas tu-}
157 667 1436 708 {runse̮ rektas. kerkaas pi̮ras da ni̮vse̮ i me̮de̮das va-dore̮ kepi̮ś korśni̮.}
157 726 1437 768 {ni̮v let̕t̕śas da jukme̮s dori̮ś kutas kepi̮ś korśni̮. si̮ dine̮ oš loktas,}
158 787 1439 828 {da ni̮le̮s tše̮ktas as vi̮las pukśi̮ni̮: »gortad» pe̮ »nua». ni̮v oš vi̮le̮}
158 847 1438 888 {pukśas. oš ni̮le̮s šele̮das da šele̮das, — ku₍tše̮m-ke̮ voas i₍t̕śe̮t̕ik kerka.}
157 907 1440 949 {set̕t̕śe̮ oš pi̮rtas ni̮le̮s. ńe-di̮r olasni̮ da ni̮v šuas ošli̮ e̮t̕ik ki̮v: »te}
158 968 1439 1008 {ve̮t̕ś meni̮m kud, da med suvtni̮, pukśi̮ni̮ i vodni̮ bert̕t̕śan.» oš šuas}
158 1028 1441 1069 {ni̮vli̮: »mi̮i̭la teni̮d se₍tše̮m kud?» ni̮v šuas: »kole̮ mame̮li̮ mi̮i̭-ke̮}
158 1088 1442 1128 {nomsaśni̮ se̮ me̮de̮dni̮!» oš ve̮₍t̕śas kud. ni̮v šuas: »en vidli̮, me mi̮i̭-ke̮}
160 1217 1441 1258 beginnt nachhause zu ziehen. Ihm beginnt [auf dem wege] stark
161 1276 1441 1310 zu dürsten. Der mann erblickt eine wuhne. Er bückt sich und
160 1336 1440 1377 beginnt zu trincken. Jemand packt ihn mitten um die taille fest.
162 1396 1442 1437 Der mann ruft: »Lass [mich] los, lieber vater, wer bist du? Ich er-
160 1457 1442 1497 weise dir eine grosse wohltat, wenn du loslässt!» Der ihn fest-
161 1518 1443 1558 hielt, war ein bär. Der bär sagt: »Wenn du mir deine tochter
161 1578 1444 1618 gibst, lasse ich [dich] los!» Der mann sagt: »lch gebe, ich gebe
165 1637 1444 1678 [sie dir]!» Der mann fährt mit seiner fuhre heu nachhause und
162 1697 1444 1737 lädt das heu in die scheune aus. Er geht in die stube und schickt
163 1757 1444 1798 seine tochter an das ufer [angeblich] um die handschuhe zu suchen.
164 1816 1444 1857 Das mädchen geht und beginnt bei der wuhne nach den hand-
163 1876 1445 1909 schuhen zu suchen. Zu ihr kommt der bär und heisst das mäd-
164 1936 1446 1977 chen sich auf seinen rücken setzen: »lch bringe dich», sagte [der
163 1996 1444 2037 bär], »zu dir nachhause». Das mädchen setzt sich auf den rücken
165 2056 1447 2097 des bären. Der bär trägt und trägt es, — sie gelangen zu einer
164 2117 1446 2158 art kleiner hütte. Dahinein führt der bär das mädchen. Einige
165 2176 1445 2218 zeit leben sie [da] — da sagt das mädchen zu dem bären ein wört-
165 2237 1446 2277 chen: »Mache mir eine schachtel, [in die] man stehend, sitzend und
165 2296 1443 2338 liegend passt.» Der bär sagt zu dem mädchen: »Wozu [soll ich]
166 2356 1448 2396 dir eine solche schachtel [machen]?» Das mädchen sagt: »Man
166 2415 1447 2456 muss doch meiner mutter einige süssigkeiten schicken!» Der bär
166 2475 1449 2516 stellt die schachtel her. Das mädchen sagt: »Sieh nicht her, ich
