1822 2957
921 248 1092 277 — 56 —
362 340 1651 381 {auk uk ń, uk uk ù!» ki̮z ge̮le̮se̮n. »on tai̭ te kuž! sid̕ź se̮ i me}
361 401 1648 440 {a₍t̕śi̮m kuža!» muži̮k šuis. oške̮s i ve̮tlas. munas bara korśni̮.}
361 461 1648 503 {pani̮d loe̮ ke̮i̭in: »ki̮t̕t̕śe̮ munan?» »be̮rdi̮śe̮s korśni̮.» »me lokta?» »lok,}
362 522 1647 556 {lok!» — ke̮i̭in kutas l̕uvzi̮ni̮. »on tai̭ te kuž!» muži̮k šuis i ve̮tlas.}
363 583 1649 624 {bara munas, pani̮d loas rut̕ś: »ki̮t̕t̕śe̮, starike̮i̭, munan?» »be̮rdi̮śe̮s}
362 642 1650 684 {korśni̮! tene̮ važe̮n korśa!» rut̕śke̮d munasni̮. rut̕ś kutas l̕ivkje̮dli̮ni̮}
362 704 490 743 {be̮rdni̮:}
721 773 1094 812 {»šondi-bane̮i̭, babae̮i̭,}
719 833 1095 875 {ńebi̮d ńa̭ń pḙśali̮śe̮i̭,}
720 893 1080 933 {šondi-bane̮i̭, babae̮i̭,}
720 953 1149 994 {je₍dži̮d de̮re̮m mi̮śki̮śe̮i̭,}
719 1014 1082 1053 {šondi-bane̮i̭, babae̮i̭,}
719 1074 1162 1115 {ńebi̮d vol̕-paś vol̕sali̮śe̮i̭,}
718 1134 1077 1174 {šondi-bane̮i̭, babae̮i̭,}
720 1194 1065 1235 {t̕śe̮ski̮d ši̮d pui̮śe̮i̭,}
360 1333 1646 1376 {uk, ń, uk, uk, ń!» mit rauher stimme. »Du kannst [es] ja nicht!
360 1393 1646 1436 So kann ich es auch selber!» sagte der mann. Und er jagt den
360 1453 1647 1496 bären weg. Wieder macht er sich auf die suche. Entgegen kommt
363 1513 1649 1555 [ihm] ein wolf: »Wo gehst du hin?» »Eine klagesängerin zu suchen.»
359 1573 1645 1615 »lch gehe mit!» »Komm, komm!» — Der wolf beginnt [über die
360 1634 1644 1676 verstorbene] zu heulen. »Du kannst [es] ja nicht!» sagte der mann
359 1695 1643 1736 und verjagt [den wolf]. Wieder macht er sich auf, entgegen
358 1755 1645 1796 kommt [ihm] ein fuchs: »Wohin, mein alterchen, gehst du?» »Eine
357 1815 1645 1857 klagesängerin zu suchen! Dich habe ich schon lange zeit gesucht!»
360 1875 1645 1918 Er geht mit dem fuchs fürbass. Der fuchs beginnt zart singend
358 1935 562 1975 zu klagen:
613 2020 1237 2058 »Mein sönnchen, mein weibchen,
614 2081 1156 2120 weichen brotes bäckerin du,
612 2141 1222 2180 mein sönnchen, mein weibchen,
614 2201 1197 2240 weissen hemdes wäscherin du,
614 2261 1222 2300 mein sönnchen, mein weibchen,
612 2320 1140 2360 weichen bettes betterin du,
613 2381 1221 2421 mein sönnchen, mein weibchen,
612 2441 1269 2481 schmackhafter suppe kocherin du,
