1818 2955
712 280 839 309 – 127
272 370 1456 413 {»e̮t̕t̕śi̮d petime̮ ki̮bni̮ i ki̮big ti̮rja kajime̮ e̮ńiś ule̮. si̮śa̭ń kai̭ni̮}
168 430 1454 474 {pondime̮ vi̮llań i drug ki̮lni̮ pondis rai̭ uli̮ś ne̮šaśe̮m ši̮. seśśa dug-}
168 491 1452 532 {dis ne̮šaśni̮s da be̮rdni̮ pondis; pe̮rai̮s ve̮li voi̭-še̮r ge̮ge̮r. mi šuvame̮:}
169 551 1453 594 {·kodi voi̭nas e̮ni bur mort mi̮śkaśe̮ i be̮rde̮ seni?' mi sije̮ d̕ive̮te̮ seti̮ś}
168 612 1452 654 {ki̮llime̮ nin da seśśa polni̮ kod̕ pondime̮ da i berge̮t̕t̕śime̮. let̕t̕śi̮ni̮}
167 673 1453 715 {pondim be̮r, ullań. vi₍d̕źe̮dam da mijanli̮ lokte̮ni̮ ki̮bi̮śjas že̮; vi₍d̕źe̮-}
168 732 1451 774 {dam da bii̮s nije̮le̮n drug voši. mi jonži̮ka polźime̮: mi̮i̭ šuvam}
169 792 1452 835 {taje̮? drug bi voši!' seśśa ki̮lzame̮: mijane̮s pondis t̕śuksalni̮: lokte̮!}
167 852 1453 895 {pe̮ 'spaśite̮!' mi pi̮žje̮n mati̮śśim t̕śuksaśi̮s dine̮. sije̮ ve̮le̮ma ki̮bi̮ś že̮}
167 912 1453 953 {a te̮vari̮ši̮s si̮le̮n seki ve̮je̮ma. so mi̮i̭ vo₍d̕źi̮n i be̮rdi̮śte̮ i ne̮šaśi̮śte̮}
168 973 1450 1014 {ki̮lime̮! a seti̮ś pi̮r šuve̮ni̮ se₍tše̮m ne̮šaśi̮śse̮. me» pe »e̮ni pi̮r pola}
166 1032 1055 1075 {seti, i sije̮» pe̮ »ez ve̮l mort, a ki̮₍tše̮m-ke̮ vasa.»}
269 1161 1450 1201 »Einmal gingen wir zum fischstechen aus und beim stechen
167 1222 1447 1263 zogen wir hinauf bis an [eine stelle] unterhalb des dorfes e̮ńiś.
166 1281 1449 1322 Von da wollten wir aufwärts fahren, und plötzlich begann unter-
166 1342 1447 1375 halb des dorfes rai̭ der laut von wäschebleuen herüberzuschallen.
168 1402 1447 1442 Darauf brach das wäschebleuen ab, und das weinen begann;
167 1461 1446 1503 es war ungefähr mitternacht. Wir sagen: 'Wer in aller welt [eig.
167 1521 1449 1562 Welcher guter mensch] wäscht und weint denn dort jetzt in der
166 1581 1448 1621 nacht? Wir hatten schon [früher] von einem wunder an dieser
166 1640 1445 1683 stelle [reden] hören und begannen da ein wenig uns zu fürchten
166 1701 1446 1742 und kehrten auch [nachhause] um. Wir begannen zurückzufah-
166 1760 1447 1800 ren, abwärts. Wir schauen aus, und auf uns zu kommen eben-
165 1820 1449 1860 falls fischstecher; wir schauen hin, und plötzlich verschwand ihr
165 1881 1446 1921 feuer. Wir erschraken immer mehr: 'Was ist dies?' sagen wir,
167 1940 1443 1982 plötzlich verschwand das feuer!' Dann horchen wir: [jemand]
165 2000 1448 2042 begann uns [zu sich] heranzurufen: 'Kommt, rettet uns!' Wir
165 2059 1446 2094 näherten uns mit dem boot dem rufer. Er war auch ein fisch-
164 2120 1444 2161 stecher, aber sein gefährte war [gerade] da ertrunken. Siehst du,
165 2179 1444 2222 vor welchem [ereignis] wir das weinen und das wäschebleuen [eig.
165 2239 1447 2280 den weinenden und den bleuenden] hörten! Und da [an dieser
164 2299 1446 2341 stelle] soll stets [bevor jemand ertrinkt] ein solcher wäschebleuer
164 2358 1444 2401 sein. Ich», sagte er, »fürchte mich jetzt stets dort, und das ist
164 2419 1444 2461 kein mensch gewesen [was da weinte und wäsche bleute], sondern
164 2481 588 2522 irgendein wassergeist.»
