1799 2942
936 253 1002 281 – 2 –
345 346 1631 389 {pe̮la starik, l̕o̭k jḙretńik. mi̮jen tol̕ko pi̮ris, i ku₍t̕śis gòrzi̮ni̮ starik:}
344 406 1633 449 {»fu, fu, rot̕ś dux ki̮ś-kɛ ki̮lɛ!» iva·n si̮li̮ pi₍d̕źes vi̮las uśket̕t̕śis i}
343 467 1632 509 {vi̮śtalɛ: »in mḙnɛ śoi̭, mḙ kitemes kiala, ko̭ktemes ko̭kala, śintemes}
343 528 1629 571 {śinmala. pḙltemes pḙl̕ala!» starik mi̮jen sijɛ ki̮lis, mimɛ i viśtalis:}
345 589 1631 632 {»mi̮i̭ mḙnt̕śum bośtan, sijɛ i śḙta, tol̕ko śinmes vḙśked! d̕ḙńga ili}
343 650 1630 693 {part̕śa — mi̮i̭ ko̭lɛ, sijɛ i śḙta!» iva·n viśtalɛ si̮li̮: »mḙ og zèi̭ do̭nā}
344 710 1630 754 {boś! vit-śo śai̭t tol̕ko bośta da ne̮šta vit sī̮ śira gèz — to̭pi̮d ko̭lɛ —,}
342 771 1630 813 {i ki̮k funt kos ozi̮ś kolɛ.» starik bi̮dsen vajis mi̮i̭ ko̭ris. seśśa}
342 832 1629 876 {iva·n vošjis le₍t̕śi·tni̮, bośtis da ki̮sɛ ko̭ksɛ to̭ptā kè̮rtōlis da i viśtalɛ:}
342 895 1630 936 {»vai̭ ò̭grot̕t̕śi̮, vḙrman-kɛ! vḙrman-kɛ o̭rot̕t̕śi̮ni̮, i śinmi̮d vḙśkalɛ.» sta-}
340 956 1629 998 {rik ko̭ńe·r mi̮rśis da mi̮rśis da ìz vḙrmi̮ ò̭rot̕t̕śi̮ni̮. seśśa iva·n bośtis}
343 1017 1626 1059 {kos ozi̮ś da sijɛ sī̮dis. mi̮jen si̮li, bośtis da i kiśtis starikli̮ śinmas}
341 1078 1629 1118 {starik ku₍t̕śis bi̮d vi̮nśi̮s gòrzi̮ni̮. a iva·n si̮ ko̭sti ìz ùź. bi̮d d̕ḙń-}
342 1209 1628 1251 da hinein, und dort war ein sehr alter, einäugiger greis, ein arger
341 1270 1626 1310 zauberer. Kaum war er hineingetreten, da begann der alte zu
339 1330 1627 1371 rufen: »Pfui, pfui, nach einem russen riecht es hier irgendwo!»
342 1390 1626 1431 Hänschen warf sich vor ihm auf die kniee und sagt: »Friss
339 1450 1626 1489 mich nicht, die handlosen versehe ich mit handen, die fusslosen
340 1510 1626 1550 mit füssen, die blinden mit augen, die tauben mit ohren!» Sobald
339 1570 1625 1611 der alte das hörte, sagte er sofort: »Was du auch von mir [als
338 1630 1624 1671 bezahlung] nehmen magst, das gebe ich dir, wenn du nur mein
338 1690 1624 1731 auge heilst! Geld oder brokat — was du wüschest, das gebe
337 1750 1626 1790 ich dir auch!» Hänschen sagt zu ihm: »lch nehme keine sehr
338 1809 1624 1850 hohe bezahlung! Bloss fünfhundert rubel nehme ich und dazu
338 1869 1624 1910 fünf klafter teerstrick — kräftig muss er sein —, und zwei pfund
338 1930 1620 1971 trocknes zinn habe ich [noch] nötig.» Der alte brachte alles,
336 1989 1623 2031 was er verlangte. Dann machte sich Hänschen ans heilen, nahm
337 2049 1620 2089 und band ihm die hande und die füsse fest zusammen und sagt:
337 2110 1621 2150 »Reiss dich los, wenn du es vermagst! Wenn du dich loszureissen
336 2170 1621 2211 vermagst, so wird auch dein auge heil werden.» Der arme alte
335 2229 1621 2270 strengte sich an und strengte sich an, vermochte jedoch nicht sich
336 2288 1618 2321 loszureissen. Da nahm Hänschen das trockne zinn und schmolz es.
336 2349 1621 2390 Sowie es geschmolzen war, nahm er es und goss es dem alten ins
336 2409 1622 2451 auge. Der alte begann aus leibeskräften zu schreien. Aber Häns-
333 2468 1621 2509 chen schlief inzwischen auch nicht. Er nahm alles geld und lief
