1824 2922
713 231 908 259 — 117 —
169 323 1453 365 {d̕ḙńgate̮ ši̮blalas, a i̮rge̮nte̮ bośtalas. dureń let̕t̕śas gortas da vokjasli̮}
169 383 1451 425 {viśtalas. vokjas kajasni̮ d̕ḙńgala i zel una d̕ḙńga gortas let̕t̕śe̮dasni̮.}
169 444 1453 486 {naja dureńe̮s i̮stasni̮ pop orde̮ d̕ḙńga-merala. dureń munas pop orde̮}
168 503 1453 544 {i šuas: »vai̭le̮ mijanli̮ d̕ḙńga-merate̮ d̕ḙńga merai̭tni̮!» dureń merase̮}
168 563 1450 606 {vajas gorte̮, a pop ve̮t̕t̕śas dureń be̮rśa. dureń zorje̮n kut̕śkas pope̮s,}
170 624 1024 665 {i pop kule̮. — vokjas e̮ni na ole̮ni̮ da vi̮le̮ni̮.}
790 785 839 814 42.
561 866 1062 907 {pi da je₍dži̮d starik.}
273 952 1453 993 {važe̮n olis vi̮lis krest̕a̭ńin. si̮le̮n ve̮li kujim pi. kor-ke̮ naja ka-}
169 1012 1454 1053 {jisni̮ ve̮re̮ pesla. nija ve̮rad olisni̮ da i ki̮nmi̮ni̮ pondisni̮. seśśa med}
171 1072 1455 1113 {i₍t̕śe̮t pise̮ i̮ste̮ni̮: »mun, kai̭li̮ pu vi̮le̮, em abu ki̮te̮n-ke̮ bi.» med i₍t̕śe̮t}
171 1131 1452 1173 {pi kai̭lis i šuḙ: »este̮n este̮n» pe̮ »bi ti̮dale!» vokjas sije̮s set̕t̕śe̮ i̮stasni̮.}
171 1191 1453 1233 {i₍t̕śe̮t pi munas i voas bi. bi dori̮n zel je₍dži̮d starik pukale̮. pi šue̮:}
172 1321 1454 1364 geld weg, das kupfer aber liest er zusammen. Der einfältige geht
172 1382 1454 1424 heim und erzählt den brüdern [von seinem fund]. Die brüder
173 1442 1453 1483 machen sich auf um das geld zu holen und bringen sehr viel geld
173 1502 1453 1542 nachhause, Sie schicken den einfältigen zum pfarrer um ein geld-
173 1562 1454 1602 mass zu holen. Der einfältige geht zum pfarrer und sagt: »Gebt
174 1622 1456 1662 uns euer geldmass, damit wir das geld messen können!» Der ein-
173 1681 1456 1723 fältige bringt das mass nachhause, der pfarrer aber läuft hinter
175 1741 1455 1782 dem einfältigen her. Der einfältige schlägt den pfarrer mit einer
175 1801 1453 1842 stange, und der pfarrer stirbt, — Die brüder leben heute noch.
1120 1861 1355 1901 (Savenobor.)
792 1968 842 1996 42.
405 2042 1230 2082 Der knabe und der weisse greis.
279 2129 1458 2165 Es war einmal ein bauer. Der hatte drei söhne. Einmal
176 2189 1457 2232 gingen sie in den wald um brennholz zu holen. In dem walde
176 2249 1458 2292 waren sie und begannen zu frieren. Da schicken sie den jüng-
177 2310 1458 2354 sten knaben aus [mit den worten]: »Geh, steige auf einen baum
180 2369 1458 2413 [und sieh nach], ob irgendwo feuer [zu sehen] ist oder nicht.»
178 2429 1458 2473 Der jüngste knabe kletterte hinauf und sagt: »Dort, dort sieht
