1799 2957
898 267 1052 295 — 20 —
445 358 1630 400 {seśśa i̮stasni̮ koi̭me̮d ni̮le̮s. si̮je̮ e̮₍d̕źe̮sse̮ pe̮dlalas i vośtas. si̮je̮}
343 419 1627 461 {munas da munas da šańga-gruda pani̮d lovas. si̮je̮ kurt̕t̕śi̮štas.}
343 480 1629 521 {muna·s da muna·s da ńa̭ń-tupe̮ś pani̮d lovas. si̮je̮ ńa̭ń-tupe̮ś kurt̕-}
344 540 1626 582 {t̕śi̮štas. muna·s da muna·s da śu-kol̕ta pani̮d lovas. si̮je̮ śu-kol̕ta}
346 601 1630 644 {ri̮ni̮še̮ śujas. muna·s da muna·s da ri̮ni̮š pani̮d lovas. si̮je̮ ri̮ni̮šte̮}
344 662 1626 704 {t̕śi̮škas. muna·s da muna·s, i₍t̕śe̮t kerkae̮ pi̮ras da i vokse̮ pi̮šje̮das.}
344 723 1627 764 {naje̮ voki̮ske̮d munasni̮ da si̮je̮ t̕śe̮ktas ri̮ni̮šli̮ d̕źebni̮. ri̮ni̮š d̕źebas.}
341 784 1628 826 {jomai̮d dod̕jalas gi̮r ve̮v, šerdi̮n dod̕, tojin pl̕ḙt̕ da i ve̮t̕t̕śas. oz su!}
341 844 1629 887 {ri̮ni̮šli̮ś juvalas: »ez-e̮ tati munni̮ t̕śoja voka!» ri̮ni̮š šuvas: »ez.»}
341 906 1626 946 {joma be̮r gortas munas da korśas da korśas: oz i śur! — t̕śoi̭ da}
342 966 1628 1008 {vok munasni̮ vo₍d̕źe̮. naje̮ bi̮dlae̮ d̕źebśi̮lasni̮: śu-kol̕tae̮, ńa̭ń-tupe̮śe̮ i}
340 1027 1628 1068 {šańga-grudae̮. joma oz i ad̕d̕źi̮ naje̮s. seśśa naje̮ e̮₍d̕źe̮s dine̮ vo-}
343 1087 1628 1130 {vasni̮. naje̮ suvtasni̮ e̮₍d̕źe̮s me̮dare̮. joma i suvas. e̮₍d̕źe̮s me̮daras}
446 1217 1627 1251 Darauf schicken sie die dritte tochter aus. Sie verschliesst
347 1277 1629 1320 [beim hinausgehen zuerst] die tür, öffnet sie aber [wieder]. Sie
344 1338 1629 1380 wandert und wandert, und der roggenkuchenhaufen kommt ihr
344 1399 1627 1440 entgegen. [Daraus] beisst sie ein stückchen. Sie wandert und
342 1459 1628 1499 wandert, und das brot kommt ihr entgegen. Aus dem brot beisst
343 1517 1627 1559 sie ein stükchen. Sie wandert und wandert, und die korngarbe
341 1578 1627 1620 kommt ihr entgegen. Die korngarbe wirft sie in die riege. Sie
341 1638 1628 1680 wandert und wandert, und die riege kommt ihr entgegen. Die
341 1698 1628 1738 riege kehrt sie aus. Sie wandert und wandert, tritt in die kleine
341 1758 1628 1793 hütte und führt ihren bruder fort, Sie wandert mit ihrem bruder
341 1817 1627 1860 dahin und heisst die riege [sie] versteckt zu halten. Die riege hält
342 1877 1625 1919 sie versteckt. Die {joma} [aber] schirrt den stampfklotz als pferd.
340 1938 1626 1981 die worfel als schlitten an, die mörserkeule [nimmt sie] als peitsche
341 1998 1625 2040 und setzt [ihnen] nach. Sie erreicht [sie] nicht! Die riege fragt sie:
340 2057 1627 2099 »lst hier nicht eine schwester und ein bruder vorbeigezogen?» Die
339 2116 1626 2158 riege sagt: »Nein.» Die {joma} kehrt nachhause zurück und sucht
340 2177 1627 2212 und sucht: es ist nichts zu finden! Die schwester und der bruder
340 2237 1625 2272 wandern weiter. An allen stellen verstecken sie sich: in der korn-
336 2297 1627 2340 garbe, in dem brot und in dem roggenkuchenhaufen. Die {joma}
337 2356 1626 2400 bemerkt sie auch nicht. Dann gelangen sie bis an die tür [ihres
338 2416 1624 2461 hauses]. Sie stellen sich hinter die [offene] türe [ins versteck].
338 2477 1627 2521 Die {joma} holt sie gerade ein. Hinter der tür beginnen schwester
