1823 2955
360 359 1647 402 {jase̮s, i ad̕d̕źis t̕śipane̮s vije̮mae̮ś. baba kutis viśtavni̮ muži̮ki̮sli̮:}
362 420 1648 463 {»ńorimi̮dli̮ś ve̮d t̕śipanse̮ vije̮mae̮ś!» ńorim šue̮: »og e̮me̮i̭ ki̮v!}
362 480 1511 522 {me tijanli̮ś med bur utkani̮te̮ nua!» śetasni̮ med bur utkase̮.}
464 542 1650 586 {ńorim munis ri̮te̮₍d̕źi̮s i pemdi. kerka voi̭is pi̮ris, ve̮zji̮śe̮}
362 602 1646 646 {uźni̮. sije̮s le₍d̕źisni̮. »menam em utka, d̕źo₍d̕źe̮gke̮d uźle̮.» »śui̭ d̕źo-}
361 664 1647 703 {d̕źe̮g dinas!» ńorim bara voi̭nas t̕śḙt̕t̕śi̮lis da utkase̮ kośalis. aski}
362 725 1648 767 {baba t̕śḙt̕t̕śis i d̕źo₍d̕źe̮gjase̮s kutis verdni̮. ad̕d̕źis utkase̮ vije̮mae̮ś}
362 785 1645 829 {i muži̮ki̮sli̮ šui̭is: »ńorimi̮dli̮ś utkase̮ vije̮mae̮ś!» ńorim šue̮:}
362 847 1651 888 {»og e̮me̮i̭ ki̮v! me tenśi̮d med bur d̕źo₍d̕źe̮gte̮ nua. ńorimli̮ d̕źo₍d̕źe̮-}
360 908 559 947 {ge̮s śetisni̮.}
462 969 1527 1011 {si₍d̕źi̮ že̮ ńorim d̕źo₍d̕źe̮gse̮ vežis i̮ž vi̮le̮, a i̮žse̮ e̮š vi̮le̮.}
463 1029 1648 1072 {seśśa sije̮ ńe̮bas šerdi̮n. šerdi̮nse̮ tojin-vožje̮n vožjalas, e̮ške̮s}
360 1089 1188 1131 {dod̕jalas, šerdi̮n-dod̕je̮ pukśas i kutas śi̮vni̮:}
361 1248 1644 1288 umgebracht hatten. Die frau sagte zu ihrem manne: »Sie haben
360 1308 1643 1350 ja des ńorim's huhn umgebracht!» Der ńorim sagt: »Meint ihr,
360 1367 1647 1411 ich höre es nicht! Ich nehme euch eure beste ente weg!» Sie
360 1428 881 1468 gaben ihm ihre beste ente.
464 1488 1646 1527 Der ńorim wanderte bis zum abend, und die dunkelheit brach
360 1548 1643 1587 herein. Er kam zu einer hütte. Er trat hinein und fleht, man
360 1608 1643 1649 möchte ihn [für die nacht] einlassen um zu schlafen. Sie liessen
359 1669 1644 1710 ihn ein. »lch habe eine ente, die ist gewöhnt bei den gänsen zu
359 1730 1648 1770 schlafen.» »Stecke [sie] zu den gänsen!» Der ńorim stand wieder
359 1790 1645 1831 in der nacht auf und riss seine ente tot. Am morgen stand die
360 1850 1646 1890 frau auf und begann ihre gänse zu füttern. Sie sah, dass [die
358 1910 1643 1950 gänse] die ente umgebracht hatten, und sagte zu ihrem manne:
360 1969 1645 2011 »Sie haben des ńorim's ente umgebracht!» Der ńorim sagt: »Meint
359 2029 1646 2069 ihr, ich höre es nicht! Ich nehme dir deine beste gans weg.» Sie
358 2090 888 2130 gaben dem ńorim die gans.
463 2150 1643 2190 Auf dieselbe weise vertauschte der ńorim seine gans mit
359 2209 1645 2244 einem schaf und sein schaf mit einem ochsen. Dann kauft er
359 2269 1643 2310 eine kornworfel. An der worfel bringt er als deichsel eine mör-
358 2330 1644 2369 serkeule an, schirrt den ochsen an, setzt sich in den worfelschlitten
358 2390 829 2431 und fängt an zu singen:
