1821 2977
722 286 914 315 — 125 —
177 379 1462 418 {t̕śeri e̮t̕ik na ez šed i vokli̮ ez na že̮ šed. me seśśa sam vi̮le̮ ki̮rśi̮s}
178 438 1459 481 {pondi korśni̮ t̕śerań. e̮t̕ik t̕śerań śuri, sije̮s samali da i t̕śe̮ltni̮ ke̮sja.}
177 500 1462 542 {drug śinme̮ uśi va pi̮tškas ti̮dale̮ paśte̮m mort, abi̮ va-vel doras a va}
178 560 1462 602 {pi̮tškas. sije̮ ve̮li ti̮dale̮ tol̕ke̮ sitanśa̭ńi̮s vel-dor t̕śa̭śti̮s; śinse̮ kuńe̮ma,}
176 621 1464 663 {jur-śite̮m, ni̮ra, voma, pel̕a, i ki̮ri̮mjasi̮s bok kuźai̮s ńuže̮de̮mae̮ś. me}
179 681 1463 724 {vi₍d̕źe̮di sije̮s zel di̮r; sije̮ pi̮r e̮t̕ik mestai̮n i e̮t-kod̕a ve̮li ti̮dale̮ i oz}
182 741 1463 781 {ve̮re̮šit̕t̕śi̮. seśśa vokli̮ śinmas uśe̮ma da sije̮ i šuve̮ meni̮m: »esije̮s}
177 801 1464 841 {ad̕d̕źan on te?» »me» mi̮śa »važe̮n vi₍d̕źe̮da.» seśśa mi gorte̮ kote̮re̮n}
179 861 1463 903 {munime̮ i viśtalime̮ je̮zi̮sli̮. seśśa jeme̮l̕ štepan da mijan ke̮sta}
179 921 1463 963 {vetlisni̮ vi₍d̕źe̮dli̮ni̮ sije̮s, da abi̮ nin ad̕d̕źi̮le̮mni̮. so me si̮ ponda i}
179 982 1462 1023 eg na kupai̭t̕t̕śi̮l viźin-jui̮n; og li̮ś: pola kul̕t̕i̮ś. je̮zi̮s oz veritni̮,}
178 1041 1273 1082 {a me ad̕d̕źi̮li i te̮da, mi̮i̭ em vai̭n kul̕ i pi̮di̮n-injasi̮n ole̮.}
283 1101 1116 1144 {og pe̮rja̭ś, — so ta-lun i̮₍dži̮d-lun ńol̕e̮d lun,}
181 1238 1463 1278 noch keinen erhalten. Da fing ich an am hohen ufer spinnen als
181 1298 1464 1340 köter zu suchen. Eine spinne wurde gefunden, die steckte ich an
180 1359 1464 1399 den haken und will [die leine ins wasser] werfen. Plötzlich ge-
182 1419 1463 1459 wahrte ich, [wie] im wasser ein nackter mensch sichtbar wird.
182 1478 1466 1512 nicht auf der wasserfläche sondern im wasser. Von ihm war nur
182 1538 1466 1580 der oberkörper sichtbar, vom after aufwärts; seine augen hatte er
179 1598 1464 1640 geschlossen, haare hatte er nicht, [wohl aber] nase, mund, ohren,
184 1658 1465 1698 und seine hande waren an den seiten hinunter ausgestreckt. Ich
180 1719 1464 1759 schaute ihn sehr lange an; er war immer an einer und derselben
181 1779 1464 1820 stelle und in derselben gestalt sichtbar und bewegt sich nicht,
184 1839 1466 1880 Dann fiel er meinem bruder ins auge, und der sagt zu mir: »Siehst
182 1900 1466 1940 du den dort oder nicht?» »lch», sagte ich, »schaue ihn schon seit
181 1960 1467 2000 langer zeit an.» Dann gingen wir laufend heim und erzählten es
182 2019 1464 2061 den menschen. Da gingen Stefan Jemölj und unser Konstantin
181 2079 1465 2118 hin um ihn sich anzusehen, sahen ihn aber nicht mehr. Sieh,
182 2139 1467 2180 eben deswegen habe ich nicht mehr im flusse viźin geschwommen;
184 2199 1465 2240 ich wage es nicht: ich fürchte mich vor dem wassergeist. Die
184 2260 1466 2300 menschen glauben es nicht, aber ich habe [ihn] gesehen und weiss,
182 2319 1466 2360 dass der wassergeist im wasser wohnf und sich an tiefen stellen
182 2380 325 2412 aufhält.
287 2439 1277 2479 Ich lüge nicht, — heute ist ja der vierte ostertag.
