1796 2939
708 257 901 287 — 215 —
326 352 1092 393 {»t̕śoje̮i̭» pe̮ »t̕śoje̮i̭, med bur sarapannad.»}
327 412 1007 454 {»t̕śoje̮i̭» pe̮ »t̕śoje̮i̭, si̮ don on sulav!»}
328 516 867 557 {krug še̮ri̮n mi₍t̕śa ni̮v sulale̮,}
263 576 907 617 {30. krug ge̮ge̮ri̮s l̕ok totara bergale̮.}
330 637 843 678 {vi₍d̕źe̮dlas ke̮ i drugi̮s lokte̮.}
330 696 1052 737 {»druge̮i̭» pḙ »druge̮i̭, vešti̮ mene̮, vešti̮!»}
330 756 1140 798 {»pe̮drugae̮i̭, pe̮drugae̮i̭, mi̮je̮n ne̮ me vešta?»}
333 817 1022 857 {»druge̮i̮» pe̮ »druge̮i̭, mi̮i̭ vi̮li̮sad em.»}
266 876 1236 918 {35. sije̮ špurk-špark pert̕t̕śas paś-ke̮mse̮ da i veštas.}
812 1025 860 1054 17.
488 1106 923 1148 {gi̮ri̮ś ni̮vjas, mai̭birjas,}
491 1167 790 1205 {vot̕t̕śi̮ni̮ munini̮,}
493 1227 1051 1265 {me i₍t̕śe̮t mort, me d̕źe̮l̕a mort}
491 1286 806 1319 {me i tše̮tš ve̮t̕t̕śi.}
235 1431 1398 1472 »Mein schwesterlein, mein schwesterlein, mit deinem besten
994 1491 1161 1531 sarafan.»
236 1550 1457 1591 »Mein schwesterlein, mein schwesterlein, den preis bist du nicht
997 1612 1112 1644 wert!»
240 1706 1218 1747 In eines kreises mitte steht ein schönes mägdlein,
174 1767 1108 1808 30. um den kreis ein widriger tatare sich dreht.
239 1825 1438 1869 Als [die maid] hinblickt, [sieht sie] ihren geliebten kommen.
240 1885 1351 1927 »Mein liebster, mein liebster, kauf mich los, kauf mich!»
241 1944 1422 1986 »Meine teure, meine teure, womit soll ich [dich] loskaufen?»
242 2005 1275 2047 »Mein liebster, mein liebster, damit, was du anhast.»
177 2065 1402 2107 35. Im nu zieht er seine kleider aus und kauft [die maid] los.
801 2208 850 2237 17.
404 2281 1141 2323 Die grossen mädchen, die glücklichen,
402 2340 1092 2383 gingen aus um beeren zu pflücken;
403 2401 1201 2441 ich kleiner mensch, ich winziger mensch,
404 2461 1085 2503 auch ich ging mit sie zu begleiten.
