<?xml version="1.0" encoding="UTF-8" standalone="yes"?>
<PcGts xmlns="http://schema.primaresearch.org/PAGE/gts/pagecontent/2013-07-15" xmlns:xsi="http://www.w3.org/2001/XMLSchema-instance" xsi:schemaLocation="http://schema.primaresearch.org/PAGE/gts/pagecontent/2013-07-15 http://schema.primaresearch.org/PAGE/gts/pagecontent/2013-07-15/pagecontent.xsd">
    <Metadata>
        <Creator>prov=University of Rostock/Institute of Mathematics/CITlab|PLANET AI GmbH/Gundram Leifert/gundram.leifert@planet-ai.de:name=SUST_38-06(htr_id=25563)::::v=2.6.6
prov=University of Rostock/Institute of Mathematics/CITlab|PLANET AI GmbH/Tobias Gruening/tobias.gruening@planet-ai.de:name=de.uros.citlab.module.baseline2polygon.B2PSeamMultiOriented:v=2.6.6
Transkribus</Creator>
        <Created>2020-08-21T11:39:35.354+02:00</Created>
        <LastChange>2020-08-21T11:47:49.477+02:00</LastChange>
        <Comments>
                Measurement unit: pixel
                PrimaryLanguage: German
                Language: GermanStandard
                Producer: Transkribus
            </Comments>
        <TranskribusMetadata docId="441749" pageId="17943296" pageNr="56" tsid="37553840" status="IN_PROGRESS" userId="17326" imgUrl="https://files.transkribus.eu/Get?id=YLOLAFTEXDBJBLLDVVNGPWZW&amp;fileType=view" xmlUrl="https://files.transkribus.eu/Get?id=WXZHOGMBTXBGWSVFVYUQOUBC" imageId="13587320"/>
    </Metadata>
    <Page imageFilename="SUST_38-0056.jpg" imageWidth="1822" imageHeight="2964">
        <PrintSpace>
            <Coords points="354,244 1821,244 1821,2956 354,2956"/>
        </PrintSpace>
        <ReadingOrder>
            <OrderedGroup id="ro_1607953381695" caption="Regions reading order">
                <RegionRefIndexed index="0" regionRef="r_1_1"/>
                <RegionRefIndexed index="1" regionRef="r_2_1"/>
                <RegionRefIndexed index="2" regionRef="r_2_2"/>
                <RegionRefIndexed index="3" regionRef="r_2_3"/>
                <RegionRefIndexed index="4" regionRef="r_2_4"/>
                <RegionRefIndexed index="5" regionRef="r_2_5"/>
                <RegionRefIndexed index="6" regionRef="r_3_1"/>
                <RegionRefIndexed index="7" regionRef="r_3_2"/>
                <RegionRefIndexed index="8" regionRef="r_3_3"/>
                <RegionRefIndexed index="9" regionRef="r_3_4"/>
                <RegionRefIndexed index="10" regionRef="r_3_5"/>
                <RegionRefIndexed index="11" regionRef="r_3_6"/>
                <RegionRefIndexed index="12" regionRef="r_3_7"/>
                <RegionRefIndexed index="13" regionRef="r_3_8"/>
                <RegionRefIndexed index="14" regionRef="r_3_9"/>
                <RegionRefIndexed index="15" regionRef="r_3_10"/>
                <RegionRefIndexed index="16" regionRef="r_3_11"/>
            </OrderedGroup>
        </ReadingOrder>
        <TextRegion type="paragraph" id="r_1_1" custom="readingOrder {index:0;}">
            <Coords points="921,249 1094,249 1094,279 921,279"/>
            <TextLine id="tl_1" primaryLanguage="German" custom="readingOrder {index:0;}">
                <Coords points="922,250 1093,250 1093,278 922,278"/>
                <Baseline points="922,268 964,268 1007,278 1093,268"/>
                <TextEquiv>
                    <Unicode>— 46 —</Unicode>
                </TextEquiv>
            </TextLine>
            <TextEquiv>
                <Unicode>— 46 —</Unicode>
            </TextEquiv>
        </TextRegion>
        <TextRegion type="paragraph" id="r_2_1" custom="readingOrder {index:1;}">
            <Coords points="359,342 1654,342 1654,447 359,447"/>
            <TextLine id="tl_2" primaryLanguage="German" custom="readingOrder {index:0;}">
                <Coords points="466,343 1653,343 1653,384 466,384"/>
                <Baseline points="466,376 539,376 633,376 711,376 804,376 967,376 1076,376 1230,383 1279,376 1383,377 1499,376 1559,382 1653,373"/>
                <TextEquiv>
                    <Unicode>{te̮li̮ś šue̮: »ok ma! menam e̮ški̮s nue̮dte̮g oz mun. mun že̮, vetli̮}</Unicode>
                </TextEquiv>
                <TextStyle fontFamily="Times New Roman" fontSize="9.5" italic="true"/>
            </TextLine>
            <TextLine id="tl_3" primaryLanguage="German" custom="readingOrder {index:1;}">
                <Coords points="360,404 1649,404 1649,446 360,446"/>
                <Baseline points="360,435 455,438 570,444 696,437 808,436 948,436 1050,436 1200,437 1264,436 1416,437 1480,436 1649,437"/>
                <TextEquiv>
                    <Unicode>{šondi orde̮, šondi pila. šondi orde̮ kote̮rtis da kote̮rtis da kote̮rtis:}</Unicode>
                </TextEquiv>
                <TextStyle fontFamily="Times New Roman" fontSize="9.5" italic="true"/>
            </TextLine>
            <TextEquiv>
                <Unicode>{te̮li̮ś šue̮: »ok ma! menam e̮ški̮s nue̮dte̮g oz mun. mun že̮, vetli̮}
{šondi orde̮, šondi pila. šondi orde̮ kote̮rtis da kote̮rtis da kote̮rtis:}</Unicode>
            </TextEquiv>
        </TextRegion>
        <TextRegion type="paragraph" id="r_2_2" custom="readingOrder {index:2;}">
            <Coords points="771,481 1169,481 1169,759 771,759"/>
            <TextLine id="tl_4" primaryLanguage="German" custom="readingOrder {index:0;}">
                <Coords points="772,482 1086,482 1086,523 772,523"/>
                <Baseline points="772,513 924,521 1086,522"/>
                <TextEquiv>
                    <Unicode>{»šondie̮i̭, šondie̮i̭,}</Unicode>
                </TextEquiv>
                <TextStyle fontFamily="Times New Roman" fontSize="9.5" italic="true"/>
            </TextLine>
            <TextLine id="tl_5" primaryLanguage="German" custom="readingOrder {index:1;}">
                <Coords points="776,543 979,543 979,584 776,584"/>
                <Baseline points="776,575 829,575 879,576 979,582"/>
                <TextEquiv>
                    <Unicode>{vai̭ te̮ pite̮,}</Unicode>
                </TextEquiv>
                <TextStyle fontFamily="Times New Roman" fontSize="9.5" italic="true"/>
            </TextLine>
            <TextLine id="tl_6" primaryLanguage="German" custom="readingOrder {index:2;}">
                <Coords points="775,604 1168,604 1168,646 775,646"/>
                <Baseline points="775,637 891,634 975,637 1168,643"/>
                <TextEquiv>
                    <Unicode>{te̮li̮ś-e̮š vi̮le̮ pukśe̮dni̮,}</Unicode>
                </TextEquiv>
                <TextStyle fontFamily="Times New Roman" fontSize="9.5" italic="true"/>
            </TextLine>
            <TextLine id="tl_7" primaryLanguage="German" custom="readingOrder {index:3;}">
                <Coords points="773,664 1085,664 1085,706 773,706"/>
                <Baseline points="773,706 905,697 1002,697 1085,696"/>
                <TextEquiv>
                    <Unicode>{jen-zud ki̮ski̮ni̮.»}</Unicode>
                </TextEquiv>
            </TextLine>
            <TextLine id="tl_8" primaryLanguage="German" custom="readingOrder {index:4;}">
                <Coords points="775,728 926,728 926,758 775,758"/>
                <Baseline points="775,758 837,758 926,758"/>
                <TextEquiv>
                    <Unicode>etc. etc.</Unicode>
                </TextEquiv>
                <TextStyle fontFamily="Times New Roman" fontSize="9.5"/>
            </TextLine>
            <TextEquiv>
                <Unicode>{»šondie̮i̭, šondie̮i̭,}
{vai̭ te̮ pite̮,}
{te̮li̮ś-e̮š vi̮le̮ pukśe̮dni̮,}
{jen-zud ki̮ski̮ni̮.»}
etc. etc.</Unicode>
            </TextEquiv>
        </TextRegion>
        <TextRegion type="paragraph" id="r_2_3" custom="readingOrder {index:3;}">
            <Coords points="361,810 1653,810 1653,907 361,907"/>
            <TextLine id="tl_9" primaryLanguage="German" custom="readingOrder {index:0;}">
                <Coords points="465,811 1652,811 1652,853 465,853"/>
                <Baseline points="465,844 560,844 631,844 675,845 698,832 865,844 951,843 1033,852 1104,851 1200,844 1263,851 1354,851 1436,845 1527,845 1652,844"/>
                <TextEquiv>
                    <Unicode>{sondi šui̭is:\1\ »menam pii̮s tši̮g na, mun že̮, vetli̮ ke̮t̕ś orde̮ je̮vla.»}</Unicode>
                </TextEquiv>
            </TextLine>
            <TextLine id="tl_10" primaryLanguage="German" custom="readingOrder {index:1;}">
                <Coords points="362,872 1066,872 1066,906 362,906"/>
                <Baseline points="362,905 429,905 525,905 684,905 748,904 908,904 972,904 1066,905"/>
                <TextEquiv>
                    <Unicode>{ke̮t̕ś orde̮ kote̮rtas da kote̮rtas da šue̮:}</Unicode>
                </TextEquiv>
                <TextStyle fontFamily="Times New Roman" fontSize="9.5" italic="true"/>
            </TextLine>
            <TextEquiv>
                <Unicode>{sondi šui̭is:\1\ »menam pii̮s tši̮g na, mun že̮, vetli̮ ke̮t̕ś orde̮ je̮vla.»}
{ke̮t̕ś orde̮ kote̮rtas da kote̮rtas da šue̮:}</Unicode>
            </TextEquiv>
        </TextRegion>
        <TextRegion type="paragraph" id="r_2_4" custom="readingOrder {index:4;}">
            <Coords points="775,950 1055,950 1055,1052 775,1052"/>
            <TextLine id="tl_11" primaryLanguage="German" custom="readingOrder {index:0;}">
                <Coords points="778,951 1054,951 1054,991 778,991"/>
                <Baseline points="778,982 910,989 1054,990"/>
                <TextEquiv>
                    <Unicode>{»ke̮₍t̕śe̮i̭, ke̮₍t̕śe̮i̭,}</Unicode>
                </TextEquiv>
                <TextStyle fontFamily="Times New Roman" fontSize="9.5" italic="true"/>
            </TextLine>
            <TextLine id="tl_12" primaryLanguage="German" custom="readingOrder {index:1;}">
                <Coords points="776,1011 987,1011 987,1051 776,1051"/>
                <Baseline points="776,1042 825,1042 875,1044 987,1050"/>
                <TextEquiv>
                    <Unicode>{vai̭ te̮ jḙvte̮,}</Unicode>
                </TextEquiv>
                <TextStyle fontFamily="Times New Roman" fontSize="9.5" italic="true"/>
            </TextLine>
            <TextEquiv>
                <Unicode>{»ke̮₍t̕śe̮i̭, ke̮₍t̕śe̮i̭,}
{vai̭ te̮ jḙvte̮,}</Unicode>
            </TextEquiv>
        </TextRegion>
        <TextRegion type="paragraph" id="r_2_5" custom="readingOrder {index:5;}">
            <Coords points="773,1071 1191,1071 1191,1227 773,1227"/>
            <TextLine id="tl_13" primaryLanguage="German" custom="readingOrder {index:0;}">
                <Coords points="774,1072 1103,1072 1103,1113 774,1113"/>
                <Baseline points="774,1102 957,1104 1103,1111"/>
                <TextEquiv>
                    <Unicode>{šondi-pie̮s verdni̮,}</Unicode>
                </TextEquiv>
                <TextStyle fontFamily="Times New Roman" fontSize="9.5" italic="true"/>
            </TextLine>
            <TextLine id="tl_14" primaryLanguage="German" custom="readingOrder {index:1;}">
                <Coords points="774,1132 1190,1132 1190,1174 774,1174"/>
                <Baseline points="774,1165 896,1163 978,1166 1102,1165 1190,1163"/>
                <TextEquiv>
                    <Unicode>{te̮li̮ś-e̮š vi̮le̮ pukśe̮dni̮.»}</Unicode>
                </TextEquiv>
            </TextLine>
            <TextLine id="tl_15" primaryLanguage="German" custom="readingOrder {index:2;}">
                <Coords points="778,1196 930,1196 930,1226 778,1226"/>
                <Baseline points="778,1224 841,1226 930,1226"/>
                <TextEquiv>
                    <Unicode>ete, etc.</Unicode>
                </TextEquiv>
                <TextStyle fontFamily="Times New Roman" fontSize="9.5"/>
            </TextLine>
            <TextEquiv>
                <Unicode>{šondi-pie̮s verdni̮,}
{te̮li̮ś-e̮š vi̮le̮ pukśe̮dni̮.»}
ete, etc.</Unicode>
            </TextEquiv>
        </TextRegion>
        <TextRegion type="paragraph" id="r_3_1" custom="readingOrder {index:6;}">
            <Coords points="363,1313 1651,1313 1651,1474 363,1474"/>
            <TextLine id="tl_16" primaryLanguage="German" custom="readingOrder {index:0;}">
                <Coords points="469,1314 1650,1314 1650,1355 469,1355"/>
                <Baseline points="469,1346 535,1346 669,1345 795,1346 916,1346 1024,1346 1161,1346 1296,1346 1418,1347 1520,1347 1650,1354"/>
                <TextEquiv>
                    <Unicode>Der mond sagt: »Das geht nicht! Mein ochse geht nicht,</Unicode>
                </TextEquiv>
                <TextStyle fontFamily="Times New Roman" fontSize="9.5"/>
            </TextLine>
            <TextLine id="tl_17" primaryLanguage="German" custom="readingOrder {index:1;}">
                <Coords points="365,1373 1650,1373 1650,1415 365,1415"/>
                <Baseline points="365,1407 450,1407 556,1406 664,1405 754,1406 890,1406 1008,1406 1126,1413 1248,1406 1349,1407 1432,1407 1557,1408 1650,1407"/>
                <TextEquiv>
                    <Unicode>ohne dass man ihn führt. Geh aber, begib dich zur sonne und </Unicode>
                </TextEquiv>
                <TextStyle fontFamily="Times New Roman" fontSize="9.5"/>
            </TextLine>
            <TextLine id="tl_18" primaryLanguage="German" custom="readingOrder {index:2;}">
                <Coords points="364,1435 1647,1435 1647,1473 364,1473"/>
                <Baseline points="364,1467 460,1465 548,1465 648,1465 724,1465 843,1466 999,1464 1068,1466 1150,1473 1223,1466 1307,1466 1381,1466 1438,1467 1513,1466 1647,1468"/>
                <TextEquiv>
                    <Unicode>führe den sohn der sonne herbei.» Er lief, lief und lief zu der sonne:</Unicode>
                </TextEquiv>
                <TextStyle fontFamily="Times New Roman" fontSize="9.5"/>
            </TextLine>
            <TextEquiv>
                <Unicode>Der mond sagt: »Das geht nicht! Mein ochse geht nicht,
ohne dass man ihn führt. Geh aber, begib dich zur sonne und 
führe den sohn der sonne herbei.» Er lief, lief und lief zu der sonne:</Unicode>
            </TextEquiv>
        </TextRegion>
        <TextRegion type="paragraph" id="r_3_2" custom="readingOrder {index:7;}">
            <Coords points="518,1509 1049,1509 1049,1613 518,1613"/>
            <TextLine id="tl_19" primaryLanguage="German" custom="readingOrder {index:0;}">
                <Coords points="519,1510 1048,1510 1048,1550 519,1550"/>
                <Baseline points="519,1541 641,1542 778,1549 911,1543 1048,1550"/>
                <TextEquiv>
                    <Unicode>»Meine sonne, meine sonne,</Unicode>
                </TextEquiv>
                <TextStyle fontFamily="Times New Roman" fontSize="9.5"/>
            </TextLine>
            <TextLine id="tl_20" primaryLanguage="German" custom="readingOrder {index:1;}">
                <Coords points="519,1571 946,1571 946,1612 519,1612"/>
                <Baseline points="519,1612 573,1604 684,1603 827,1603 946,1608"/>
                <TextEquiv>
                    <Unicode>gib doch deinen sohn,</Unicode>
                </TextEquiv>
                <TextStyle fontFamily="Times New Roman" fontSize="9.5"/>
            </TextLine>
            <TextEquiv>
                <Unicode>»Meine sonne, meine sonne,
gib doch deinen sohn,</Unicode>
            </TextEquiv>
        </TextRegion>
        <TextRegion type="paragraph" id="r_3_3" custom="readingOrder {index:8;}">
            <Coords points="519,1630 1549,1630 1549,1785 519,1785"/>
            <TextLine id="tl_21" primaryLanguage="German" custom="readingOrder {index:0;}">
                <Coords points="522,1631 1548,1631 1548,1672 522,1672"/>
                <Baseline points="522,1663 577,1662 684,1671 768,1662 856,1662 1003,1663 1086,1664 1335,1664 1401,1664 1548,1671"/>
                <TextEquiv>
                    <Unicode>um [ihn] auf den rücken des mondochsen zu setzen,</Unicode>
                </TextEquiv>
                <TextStyle fontFamily="Times New Roman" fontSize="9.5"/>
            </TextLine>
            <TextLine id="tl_22" primaryLanguage="German" custom="readingOrder {index:1;}">
                <Coords points="520,1691 1300,1691 1300,1732 520,1732"/>
                <Baseline points="520,1723 577,1723 664,1723 861,1722 1005,1723 1070,1724 1300,1722"/>
                <TextEquiv>
                    <Unicode>um den wetzstein Gottes zu schleppen.»</Unicode>
                </TextEquiv>
                <TextStyle fontFamily="Times New Roman" fontSize="9.5"/>
            </TextLine>
            <TextLine id="tl_23" primaryLanguage="German" custom="readingOrder {index:2;}">
                <Coords points="520,1754 671,1754 671,1784 520,1784"/>
                <Baseline points="520,1784 581,1783 671,1784"/>
                <TextEquiv>
                    <Unicode>etc. etc.</Unicode>
                </TextEquiv>
                <TextStyle fontFamily="Times New Roman" fontSize="9.5"/>
            </TextLine>
            <TextEquiv>
                <Unicode>um [ihn] auf den rücken des mondochsen zu setzen,
um den wetzstein Gottes zu schleppen.»
etc. etc.</Unicode>
            </TextEquiv>
        </TextRegion>
        <TextRegion type="paragraph" id="r_3_4" custom="readingOrder {index:9;}">
            <Coords points="469,1828 809,1828 809,1870 469,1870"/>
            <TextLine id="tl_24" primaryLanguage="German" custom="readingOrder {index:0;}">
                <Coords points="470,1829 808,1829 808,1869 470,1869"/>
                <Baseline points="470,1861 530,1861 656,1861 736,1869 787,1861 808,1849"/>
                <TextEquiv>
                    <Unicode>Die sonne sagte:\1\</Unicode>
                </TextEquiv>
            </TextLine>
            <TextEquiv>
                <Unicode>Die sonne sagte:\1\</Unicode>
            </TextEquiv>
        </TextRegion>
        <TextRegion type="paragraph" id="r_3_5" custom="readingOrder {index:10;}">
            <Coords points="364,1888 1650,1888 1650,1992 364,1992"/>
            <TextLine id="tl_25" primaryLanguage="German" custom="readingOrder {index:0;}">
                <Coords points="468,1889 1649,1889 1649,1930 468,1930"/>
                <Baseline points="468,1920 570,1920 682,1920 749,1921 858,1920 1035,1927 1122,1920 1243,1928 1330,1921 1431,1921 1567,1928 1649,1922"/>
                <TextEquiv>
                    <Unicode>»Mein sohn ist noch hungrig, geh doch, geh zum hasen, um</Unicode>
                </TextEquiv>
                <TextStyle fontFamily="Times New Roman" fontSize="9.5"/>
            </TextLine>
            <TextLine id="tl_26" primaryLanguage="German" custom="readingOrder {index:1;}">
                <Coords points="365,1949 1519,1949 1519,1991 365,1991"/>
                <Baseline points="365,1980 466,1981 530,1981 684,1979 775,1981 884,1981 976,1982 1086,1981 1186,1981 1312,1981 1404,1981 1519,1982"/>
                <TextEquiv>
                    <Unicode>milch zu holen!» Er läuft und läuft zum hasen und sagt:</Unicode>
                </TextEquiv>
                <TextStyle fontFamily="Times New Roman" fontSize="9.5"/>
            </TextLine>
            <TextEquiv>
                <Unicode>»Mein sohn ist noch hungrig, geh doch, geh zum hasen, um
milch zu holen!» Er läuft und läuft zum hasen und sagt:</Unicode>
            </TextEquiv>
        </TextRegion>
        <TextRegion type="paragraph" id="r_3_6" custom="readingOrder {index:11;}">
            <Coords points="518,2025 1097,2025 1097,2065 518,2065"/>
            <TextLine id="tl_27" primaryLanguage="German" custom="readingOrder {index:0;}">
                <Coords points="519,2026 1096,2026 1096,2064 519,2064"/>
                <Baseline points="519,2055 621,2057 803,2064 915,2058 1096,2064"/>
                <TextEquiv>
                    <Unicode>»Mein häschen, mein häschen,</Unicode>
                </TextEquiv>
                <TextStyle fontFamily="Times New Roman" fontSize="9.5"/>
            </TextLine>
            <TextEquiv>
                <Unicode>»Mein häschen, mein häschen,</Unicode>
            </TextEquiv>
        </TextRegion>
        <TextRegion type="paragraph" id="r_3_7" custom="readingOrder {index:12;}">
            <Coords points="518,2084 1047,2084 1047,2127 518,2127"/>
            <TextLine id="tl_28" primaryLanguage="German" custom="readingOrder {index:0;}">
                <Coords points="519,2085 1046,2085 1046,2126 519,2126"/>
                <Baseline points="519,2126 574,2118 684,2118 775,2118 913,2118 1046,2125"/>
                <TextEquiv>
                    <Unicode>gib doch von deiner milch,</Unicode>
                </TextEquiv>
                <TextStyle fontFamily="Times New Roman" fontSize="9.5"/>
            </TextLine>
            <TextEquiv>
                <Unicode>gib doch von deiner milch,</Unicode>
            </TextEquiv>
        </TextRegion>
        <TextRegion type="paragraph" id="r_3_8" custom="readingOrder {index:13;}">
            <Coords points="519,2144 1208,2144 1208,2186 519,2186"/>
            <TextLine id="tl_29" primaryLanguage="German" custom="readingOrder {index:0;}">
                <Coords points="520,2145 1207,2145 1207,2185 520,2185"/>
                <Baseline points="520,2177 576,2177 665,2177 773,2177 855,2178 980,2178 1044,2178 1207,2184"/>
                <TextEquiv>
                    <Unicode>um den sohn der sonne zu speisen,</Unicode>
                </TextEquiv>
                <TextStyle fontFamily="Times New Roman" fontSize="9.5"/>
            </TextLine>
            <TextEquiv>
                <Unicode>um den sohn der sonne zu speisen,</Unicode>
            </TextEquiv>
        </TextRegion>
        <TextRegion type="paragraph" id="r_3_9" custom="readingOrder {index:14;}">
            <Coords points="519,2205 1506,2205 1506,2248 519,2248"/>
            <TextLine id="tl_30" primaryLanguage="German" custom="readingOrder {index:0;}">
                <Coords points="520,2206 1505,2206 1505,2247 520,2247"/>
                <Baseline points="520,2237 573,2237 675,2245 752,2237 833,2238 973,2238 1051,2238 1291,2238 1349,2237 1505,2235"/>
                <TextEquiv>
                    <Unicode>um [ihn] auf den rücken des mondochsen zu setzen.»</Unicode>
                </TextEquiv>
                <TextStyle fontFamily="Times New Roman" fontSize="9.5"/>
            </TextLine>
            <TextEquiv>
                <Unicode>um [ihn] auf den rücken des mondochsen zu setzen.»</Unicode>
            </TextEquiv>
        </TextRegion>
        <TextRegion type="paragraph" id="r_3_10" custom="readingOrder {index:15;}">
            <Coords points="519,2267 662,2267 662,2299 519,2299"/>
            <TextLine id="tl_31" primaryLanguage="German" custom="readingOrder {index:0;}">
                <Coords points="520,2268 661,2268 661,2298 520,2298"/>
                <Baseline points="520,2298 583,2298 661,2298"/>
                <TextEquiv>
                    <Unicode>etc, etc.</Unicode>
                </TextEquiv>
                <TextStyle fontFamily="Times New Roman" fontSize="9.5"/>
            </TextLine>
            <TextEquiv>
                <Unicode>etc, etc.</Unicode>
            </TextEquiv>
        </TextRegion>
        <TextRegion type="paragraph" id="r_3_11" custom="readingOrder {index:16;}">
            <Coords points="365,2360 1653,2360 1653,2503 365,2503"/>
            <TextLine id="tl_32" primaryLanguage="German" custom="readingOrder {index:0;}">
                <Coords points="469,2361 1652,2361 1652,2400 469,2400"/>
                <Baseline points="469,2381 480,2381 563,2391 772,2394 824,2391 1024,2400 1228,2391 1504,2391 1652,2384"/>
                <TextEquiv>
                    <Unicode>\1\ Die erzählerin, die schwiegermutter Urunzn's (meines sprach-</Unicode>
                </TextEquiv>
            </TextLine>
            <TextLine id="tl_33" primaryLanguage="German" custom="readingOrder {index:1;}">
                <Coords points="366,2413 1651,2413 1651,2452 366,2452"/>
                <Baseline points="366,2441 527,2446 714,2441 809,2441 893,2442 1114,2451 1230,2443 1334,2443 1426,2442 1651,2443"/>
                <TextEquiv>
                    <Unicode>meisters), erinnerte sich der fortsetzung nicht. Die erzählung wurde</Unicode>
                </TextEquiv>
            </TextLine>
            <TextLine id="tl_34" primaryLanguage="German" custom="readingOrder {index:2;}">
                <Coords points="366,2464 1094,2464 1094,2502 366,2502"/>
                <Baseline points="366,2493 425,2492 532,2493 687,2493 791,2493 881,2493 1094,2494"/>
                <TextEquiv>
                    <Unicode>von einer anderen alten frau fortgesetzt.</Unicode>
                </TextEquiv>
                <TextStyle fontFamily="Times New Roman" fontSize="9.0"/>
            </TextLine>
            <TextEquiv>
                <Unicode>\1\ Die erzählerin, die schwiegermutter Urunzn's (meines sprach-
meisters), erinnerte sich der fortsetzung nicht. Die erzählung wurde
von einer anderen alten frau fortgesetzt.</Unicode>
            </TextEquiv>
        </TextRegion>
        <SeparatorRegion id="r_4" custom="readingOrder {index:17;}">
            <Coords points="416,1256 1650,1256 1650,1260 416,1260"/>
        </SeparatorRegion>
        <SeparatorRegion id="r_5" custom="readingOrder {index:18;}">
            <Coords points="366,2328 567,2328 567,2331 366,2331"/>
        </SeparatorRegion>
        <SeparatorRegion id="r_6" custom="readingOrder {index:19;}">
            <Coords points="1432,2950 1821,2950 1821,2956 1432,2956"/>
        </SeparatorRegion>
    </Page>
</PcGts>
