1816 2962
997 272 1056 300 194
807 365 1208 405 {veśi̮g t̕erkai̮s abu! —}
744 425 1205 465 {10. terka doras me̮de̮d̕t̕śi,}
809 485 1133 525 {terkase̮ me ad̕d̕źi,}
808 547 1108 588 {terkaas me pi̮ri,}
807 607 1112 640 {seni ńe-kod abu.}
807 668 1262 709 {džadž dorlańi̮s vi₍d̕źe̮dli,}
742 728 1238 770 {15. zarńia t̕śuń-ki̮tš ad̕d̕źi,}
805 789 1222 830 {veśki̮d vod̕ź-t̕śuńe̮ śuji.}
805 849 1142 890 {bazar vi̮le̮ let̕t̕śe̮di.}
806 910 1100 950 {ti̮śe̮₍t̕śai̮ś vuzali,}
809 972 1157 1012 {i̮rge̮n ferka kare̮di,}
739 1032 1147 1072 {20. bekar le̮ška ńe̮bali,}
803 1092 1136 1133 {śojan juan le̮śe̮di.}
805 1152 1175 1193 {menam l̕ubee̮ ìz vo!}
802 1212 1150 1251 {vit̕t̕śi̮śi da vit̕t̕śi̮śi,}
803 1273 1140 1312 {vae let̕t̕śi, ši̮bi̮t̕t̕śi,}
739 1333 1188 1373 {25. kie̮n koke̮n vart̕t̕śi̮śi,}
446 1479 1530 1520 ich habe ja nicht einmal ein [von ihm gebautes] haus!
381 1538 1461 1579 10. Ich machte mich zum hause [meines geliebten] auf,
442 1598 812 1636 sein haus fand ich,
443 1658 984 1697 in das haus trat ich hinein,
444 1718 803 1751 dort war niemand.
444 1778 1185 1817 Nach dem wandbrett hin schaute ich,
379 1838 987 1880 15. einen goldring erblickte ich,
443 1898 1306 1938 an den rechten zeigefinger steckte ich [ihn].
443 1958 1066 1998 Ich ging in den bazar hinunter,
441 2017 1235 2058 verkaufte [den ring] für tausend [rubel],
442 2078 1053 2117 liess ein kupfernes haus bauen,
376 2137 836 2176 20. kaufte tassen, löffel,
442 2197 1190 2230 essen und trinken machte ich zurecht.
443 2257 1066 2300 [Aber] mein liebster kam nicht!
442 2318 931 2356 Ich wartete und wartete,
441 2374 1530 2418 zum flusse ging ich hinunter, [dahinein] warf ich mich,
375 2435 1575 2472 25. mit handen und füssen bemühte ich mich zu schwimmen,
