1797 2953
691 252 795 280 – 99
135 342 1417 385 {a seni d̕źor, śinte̮m gozja ole̮ni̮. naje̮ pi̮zan saji̮n pukale̮ni̮ da śoje̮ni̮.}
134 401 1418 446 {mika·i̭le̮ pań bośtis da tše̮tš i kutis pańavni̮. starik gozja i šue̮ni̮:}
136 462 1420 504 {»taje̮ taśtii̮s tai̭ ne̮ vek ti̮rmi̮lis śoi̭ni̮, talun tai̭ ne̮ ez ti̮rmi̮! kod kreš-}
134 524 1420 567 {še̮·ne̮i̭?» pe̮: »pe̮ri̮ś-ke̮» pe̮ »i̮₍dži̮d mame̮n šuam, tomdži̮k-ke̮» pe̮ »ma-}
136 584 1419 628 {me̮n šuam, a muži̮k-ke̮» pe̮ »pe̮ri̮ś, d̕ede̮n šuam, a tomdži̮k-ke̮» pe̮}
136 645 1417 687 {»bat̕e̮n, a ješše̮-ke̮» pe̮ »tomdži̮k, voke̮n šuam!» mika·i̭le̮ i ši̮aśas:}
137 706 1417 747 {»tom!» pe̮, »me muna korśni̮ se₍tše̮m se₍tše̮m d̕a̭d̕e̮e̮s». naje̮ šuasni̮:}
137 765 1419 806 {»mianli̮ś» pe̮ »sije̮ śojis ńin komi̮n me̮s; te on-e̮ kol̕t̕t̕śi̮ mianli̮ me̮s}
138 825 1420 867 {vid̕źni̮?» sije̮ i kol̕t̕t̕śas. seśśa munas me̮s vid̕źni̮, a d̕a̭d̕e̮i̮d oške̮ pe̮-}
137 885 1420 919 {ras i loktas. seśśa me̮s-kokad kut̕t̕śi̮śas i kutas śoi̭ni̮. mika·i̭le̮li̮}
136 945 1420 987 {starik gozjai̮d śetisni̮ t̕śuškan-poz. t̕śuškan-zijasi̮d oški̮dli̮ bi̮d ge̮n}
137 1006 1421 1047 {koste̮ pukśasni̮ da i t̕śuškasni̮. mika·i̭le̮ bośtas oške̮s pel̕jase̮di̮s}
136 1126 1420 1167 kam zu einer hütte, und da lebt ein grauhaariges, blindes ehe-
139 1185 1419 1225 paar. Sie sitzen am tische und essen. Michel nahm einen löffel
139 1245 1420 1287 und begann ebenfalls mitzulöffeln. Da sagen mann und frau:
139 1306 1421 1346 »Dieser napf hat doch stets für uns gelangt, heute aber hat er
139 1365 1418 1407 nicht gelangt! Was für ein getaufter [bist du]?\1\ Falls du eine
139 1425 1419 1467 alte [frau] bist», sagten sie, »so nennen wir dich 'grossmutter',
138 1485 1420 1527 wenn du jünger [als eine alte frau] bist, so nennen wir dich
141 1545 1422 1585 'mutter', wenn du hinwieder ein alter mann bist, so nennen wir
140 1606 1419 1648 dich 'grossvater' wenn du aber jünger [als ein alter mann] bist,
141 1666 1421 1706 'vater', wenn du hinwieder noch jünger bist, so nennen wir dich
141 1726 1420 1767 'bruder'!» Da ruft Michel aus: »Jung! Ich wandere umher und
140 1786 1421 1826 suche einen so und so beschaffenen mann.» Sie sagen: »Uns hat
141 1847 1420 1888 er schon dreissig kühe weggegessen; bleibst du nicht bei uns um
141 1906 1423 1947 die kühe zu hüten?» Er bleibt dann auch. Darauf geht er aus
142 1967 1421 2007 um die kühe zu hüten, aber der mann [den er suchte] verwandelt
141 2027 1421 2066 sich in einen bären und kommt heran. Dann ergreift er eine kuh
140 2086 1421 2126 beim bein und beginnt [sie] zu fressen. Michel hatten der mann
141 2146 1424 2187 und die frau ein wespennest gegeben. Die wespen setzen sich
143 2206 1424 2247 dem bären zwischen jedes haar und stechen [ihn]. Michel ergreift
143 2266 1425 2307 den bären bei den ohren und schlägt ihn da tot. Michel kehrte
244 2353 1427 2392 \1\ Wenn jemand z. b. an die türe klopft, fragt der syrjäne ge-
143 2406 1425 2444 wöhnlich: „Was für ein getaufter [bist du]?“ Auf diese frage wagen
144 2456 1125 2495 die zauberer und bösen geister nicht hereinzukommen.
