1811 2960
917 261 1112 290 — 180 —
473 352 998 393 {48. kor l̕i uśe̮, seki i l̕ia̭ś!}
473 413 1105 453 {49. kor śui̮s love̮, seki i merai̮s.}
474 474 1292 516 {50. kos ańki̮tšte̮ ke̮t̕ vek st̕ene̮ koi̭, oz e̮šji̮.}
476 534 1284 576 {51. koźnale̮m ve̮vli̮ś pińjasse̮ oz vi₍d̕źe̮dni̮.}
475 595 1037 634 {52. kulan — da bi̮dse̮n kol̕e̮.}
476 654 1263 696 53. ku₍tše̮m jen ke̮te̮das, se₍tše̮m i kośtas.}
474 716 1659 755 {54. labit̕ś vomle̮sse̮ ke̮ on vele̮d, labit̕ś kuźtase̮ on ńiń vermi̮}
371 776 504 818 {vele̮dni̮.}
476 837 1075 878 {55. li̮i̭te̮m pe̮tkate̮ en na kušti̮!}
476 898 890 930 56. li̮i̭te̮m ur on kul̕}
476 958 1263 992 {57. l̕ok mortli̮ śinmas kańe̮n on t̕śḙt̕t̕śi̮št.}
476 1019 1333 1060 58. meli (od: ram) kukań ki̮k mam ńońale̮.}
477 1079 1381 1120 59. me̮dte̮m kazak ovle̮, a śoi̭te̮m jute̮m oz ovli̮.}
478 1139 1332 1180 60. me̮sse̮ śojin, kukańse̮ ńine̮m ńin žal̕itni̮.}
475 1269 1356 1309 48. Wenn der saft fällt, dann zapfe ihn ab!
475 1329 1438 1370 49. Wenn getreide da ist, ist auch ein mass da.
476 1389 1658 1430 50. Und wenn du dein lebelang trockene erbsen an die wand
376 1449 1533 1490 würfest, sie bleiben [dennoch] nicht [an der wand] hängen.
476 1510 1656 1550 51. Einemgeschenkten pferde sieht man nicht nach den zähnen.
481 1569 1171 1602 52. Du stirbst — und alles bleibt.
476 1631 1352 1669 53. Der Gott, welcher nässt, trocknet auch.
477 1691 1659 1731 54. Wenn du [ihn] nicht über die quere der bank unter-
375 1750 1659 1791 richtest, wirst du auch nicht über die länge der bank unterrichten
379 1810 1365 1851 [d. h. das kind ist von jung auf richtig zu leiten].
480 1870 1595 1911 55. Rupfe den vogel nicht, ehe du ihn geschossen hast!
477 1929 1536 1970 56. Das ungeschossene eichhorn häutest du nicht ab.
478 1989 1660 2022 57. Einem bösen menschen wirst du nicht wie eine katze
375 2049 1071 2089 ins gesicht [eig.: ins auge] springen.
479 2109 1661 2150 58. Ein schmeichelndes (od: stilles) kalb säugt an zwei
373 2172 535 2202 müttern.
477 2229 1660 2270 59. Arbeiter ohne lohn gibt es, aber nichtessende, nichttrin-
374 2288 1660 2330 kende gibt es nicht [d. h. der lohn muss wenigstens in form von
374 2349 1235 2390 speise, wenn nicht in geld, bezahlt werden].
479 2409 1661 2450 60. Du hast die kuh gegessen, — da ist doch keine ursache
377 2470 784 2503 das kalb zu schonen.
