1809 2935
905 258 1098 287 — 222 —
679 348 1240 389 {»je₍dži̮d juśke̮i̭, mi₍t̕śa zonme̮i̭,}
679 409 1291 450 {mi̮l̕a že̮ te i̮le̮dlan da pe̮rje̮dlan?}
680 469 1097 510 {me̮de̮s ke̮sjan l̕ubitni̮!»}
617 530 1189 568 {10. »munam že̮ meke̮d, munam}
680 590 1085 630 {kazańas da ge̮raas!}
679 650 1156 691 {kazań ge̮ra vi̮las kajan:}
678 710 981 752 {gaža sije̮ sulale̮,}
679 771 1194 813 {bi̮dse̮n seni sakar-jur kui̭le̮;}
616 832 1185 872 {15. vež lug vi̮las ke̮ vi₍d̕źe̮dlan:}
678 892 1224 932 {bi̮dse̮n seni še̮vk turun kui̭le̮;}
679 953 1078 994 {gi̮ri̮š šorjas vizi̮vte̮ni̮:}
678 1012 1042 1053 {ge̮rd vinae̮n vizi̮vte̮;}
680 1073 1093 1115 {posńi šorjas vizi̮vte̮ni̮:}
615 1133 1045 1174 {20. se̮d̕ź vinae̮n vizi̮vte̮;}
681 1193 1261 1234 {kazań ju vi̮las ke̮ vi₍d̕źe̮dlan:}
680 1254 1044 1293 {e̮kmi̮s karaba lokte̮;}
680 1314 1203 1355 {karab pi̮tškas ke̮ vi₍d̕źe̮dlan:}
423 1460 1343 1501 »Mein weisses schwänchen, mein trauter knabe,
420 1521 1204 1561 warum narrst und täuschest du [mich]?
422 1581 1212 1622 Eine andre willst du [sicherlich] lieben!»
358 1642 1548 1683 10. »Nun, lass uns dann zusammen gehen, lass uns hinziehen
422 1701 1086 1743 nach Kasan und auf dessen berg!
422 1762 1173 1801 Auf den berg von Kasan kletterst du:
422 1822 1174 1863 an einem schönen platz ist er gelegen,
420 1882 989 1922 überall liegen da zuckerhüte;
358 1942 1152 1982 15. wenn du auf die grüne wiese blickst:
420 2002 872 2041 überall ist seidnes heu;
421 2062 950 2103 die grossen bäche strömen:
420 2121 882 2160 roten wein sie strömen;
421 2182 944 2214 die kleinen bäche strömen:
356 2241 902 2280 20. klaren wein sie strömen;
420 2301 1220 2334 wenn du den fluss von Kasan anblickst:
420 2360 1349 2402 neun schiffe (eig.: schiffsladungen) nähern sich;
419 2420 1155 2454 wenn du in die schiffe hineinschaust:
