1831 2960
901 243 1095 273 — 152 —
461 335 1645 377 61. e̮t̕ik kok ji̮li̮n sulale̮, e̮t̕ik śinme̮n vi₍d̕źe̮de̮, ge̮rd kraskae̮n}
357 397 1189 436 {kraśite̮, stud̕ene̮n ši̮re̮. — sartasa bi lomti̮śe̮.}
461 456 1481 496 {62. e̮t̕i molod̕e̮t̕ś mune̮, da mune̮mi̮s oz sod. — t̕śasi̮.}
462 518 1064 558 63. e̮t̕i ši̮r da ki̮k be̮ž. — ke̮ti.}
462 578 1197 620 {64. e̮šiń-tšupe̮di̮n śe̮d mol̕. — goz-śin,}
462 639 1085 680 {65. e̮šiń-vorji̮n ki̮k mol̕. — śin.}
461 700 1360 743 66. ge̮be̮t̕ś pos uli̮n ul̕ kukań t̕śužja̭śe̮. — ki̮v.}
461 760 1526 803 67. ge̮l̕ je̮z mue̮ ši̮blale̮ni̮, a ozi̮r źepte̮ śuje̮ni̮. — zi̮ri̮m.}
461 820 1370 863 68. ge̮na roźe̮ ši̮l̕i̮d jur t̕up pi̮re̮. — kepi̮śa̭śe̮m.}
460 882 1267 924 69. ge̮rd kudi̮n ge̮rd pań. — pa₍t̕śi̮n e̮gi̮r.}
461 943 1428 983 {70. ge̮rt-paśa ga₍tše̮n pe̮te̮le̮ke̮d vetle̮dle̮. — te̮re̮kan.}
460 1003 1242 1044 71. gid pel̕esi̮n šom-je̮v-krińt̕śa. — te̮li̮ś.}
461 1063 1413 1106 {72. gid ti̮r i̮ž, da e̮t̕i be̮ž. — pa₍t̕śi̮n ńa̭ń da zi̮r.}
461 1204 1643 1245 61. Steht auf einem fusse, sieht mit einem auge, malt mit
356 1264 1642 1305 roter farbe, schneidet geleeschnitten. — Das kienspanfeuer brennt.,
460 1325 1643 1367 62. Ein braver bursch geht, aber er kommt beim gehen
356 1385 895 1418 nicht vorwärts. — Die uhr.
460 1446 1642 1487 63. Eine maus und zwei schwänze. — Der schuh [mit den
355 1505 532 1544 bandern].
460 1565 1641 1606 64. In der fensterrinne schwarze perlen. — Das augenpaar.
461 1625 1466 1666 65. In der fensterrinne zwei perlen. — Die augen.
460 1684 1644 1725 66. Unter der in das untergeschoss [führenden] treppe trap-
355 1745 1080 1786 pelt ein feuchtes kalb. — Die zunge.
459 1805 1643 1845 67. Arme leute werfen es weg, die reichen aber stecken es
357 1864 878 1897 in die tasche. — Der rotz.
457 1924 1643 1965 68. In ein zottiges loch dringt ein glatter kopf plötzlich
355 1984 1251 2017 hinein. — Das anziehen der fausthandschuhe.
458 2045 1641 2078 69. In einem roten korb rote löffel. — Die kohlen im ofen.
458 2105 1642 2145 70. Rotrock geht mit dem rücken nach unten die decke
355 2166 810 2205 entlang. — Die schabe.
458 2225 1644 2264 71. Im winkel des schafstalls ein sauermilchtopf. — Der
353 2286 469 2317 mond.
457 2344 1640 2385 72. Ein schafstall voller schafe, aber [im ganzen nur] ein
353 2405 1388 2438 schwanz. — Die brote im ofen und die brotschaufel.
