1797 2932
777 272 881 301 73 —
158 364 1441 406 {te̮d. — śo ki̮mi̮n pudovńa.» sar šue̮: »nole̮ že̮, vidle̮i̭, gaške̮ i ez}
155 424 1438 465 {merai̭tni̮ da! merai̭tisni̮-ke̮, kol̕i mi̮i̭-ke̮ set̕t̕śe̮.» pudovńa vidlasni̮,}
156 484 1439 527 {a śume̮d kostśi̮s ad̕d̕źasni̮ d̕ḙńga. sar d̕ivui̭t̕t̕śe̮: »ku₍tše̮m že̮ ta₍tše̮m}
157 545 1437 587 {ozi̮r poma!» rut̕ś sarli̮ šue̮: »sar gospod̕in, poma ni̮vte̮ korale̮.}
155 606 1439 647 {śetan on?» sar šue̮: »śeta, se₍tše̮m ozi̮r saje̮ ne̮ ki̮d̕ź og śet!» »mi ve̮d}
156 667 1438 708 {barka vi̮li̮n loktam» rut̕ś šue̮, »da mijane̮s va-dorśa̭ń vit̕t̕śi̮śe̮i̭!» rut̕ś}
154 727 1437 768 {pur ve̮₍t̕śas da pomali̮ šue̮: »t̕śḙt̕t̕śi̮ e̮dje̮, me sar ordi̮n koraśi. lok,}
155 787 1437 829 {pirui̭tni̮ munam!» pomae̮s rut̕ś pur vi̮le̮ let̕t̕śe̮das da lapanas mi̮ś-}
155 846 1436 887 {kas da mi̮śkas, i munni̮ kutasni̮. a sarle̮n vit̕t̕śi̮śe̮ni̮ že̮ńike̮s va-dor-}
154 907 1435 948 {śa̭ń, da sar kit̕t̕śe̮-pone̮₍d̕źi̮s gi̮n vol̕sale̮mae̮ś. že̮ńik bere̮g dore̮ voas,}
154 967 1437 1007 {sar pani̮d loktas. rut̕ś šue̮: »sar gospod̕in, mi ve̮d e̮dva voim: bar-}
155 1026 1439 1068 {kani̮m ve̮ji. seni ve̮li śiźimdas mort. e̮dva vermi že̮ńike̮s pur vi̮le̮}
155 1086 1435 1128 {kvat̕itni̮! so, stavi̮s paś-ke̮mi̮s kośa̭ślis, vi̮l̕i̮s loe̮ ve̮t̕śni̮!» sarle̮n zev}
156 1215 1435 1257 fragt: »Nun, wieviel war es?» »lch weiss nicht, — ungefähr hun-
155 1276 1435 1317 dert pudmass.» Der zar sagt: »Bringt [das mass] her, untersucht
155 1335 1436 1378 es, vielleicht haben sie gar nicht gemessen! Wenn sie gemessen
152 1396 1434 1438 haben, so ist etwas [in dem mass] geblieben.» Sie untersuchen
154 1457 1435 1498 das mass und finden in dem rindenrand geld. Der zar verwun-
154 1516 1433 1558 dert sich: »Was für ein reicher homas das ist!» Der fuchs sagt
154 1577 1431 1618 zum zaren: »Herr zar, Dhomas erbittet deine tochter [von dir]
154 1636 1432 1678 zur gemahlin. Gibst du sie [ihm] oder nicht?» Der zar sagt:
154 1697 1436 1736 »lch gebe sie ihm, wie sollte ich sie einem solchen Krösus nicht
152 1758 1434 1798 geben!» »Wir kommen ja mit einer barke», sagt der fuchs, »und
152 1818 1436 1856 ihr, erwartet uns am ufer!» Der fuchs stellt ein floss her und
152 1878 1434 1918 sagt zu homas: »Steig flink ein, ich warb beim zar [für dich].
155 1938 1434 1976 Komm, machen wir uns auf um einen schmaus zu feiern!» Der
153 1998 1434 2038 fuchs führt homas hinunter auf das floss, wäscht und reinigt
155 2059 1436 2099 [ihn] mit seiner pfote, und [dann] beginnen sie zu fahren. Der zar
152 2118 1434 2159 aber erwartet mit seinem gefolge den bräutigam am strande, und
153 2178 1432 2219 decken sind [vom ufer] bis zum vorgang des zaren ausgebreitet,
154 2238 1432 2279 Der bräutigam langt am strande an, der zar kommt ihm entgegen.
154 2298 1434 2339 Der fuchs sagt: »Herr zar, mit knapper not sind wir [hierher] ge-
151 2359 1433 2400 langt: unsere barke versank. Darin waren siebzig personen. Mit
152 2419 1432 2460 mühe nur konnte ich den bräutigam auf das floss reissen! Schaut,
153 2479 1433 2520 sein ganzer anzug ist zerrissen, man muss [ihm] einen neuen
