1805 2952
705 269 876 298 — 51 —
768 364 816 393 17.
508 431 1078 471 {kań, rut̕ś, ke̮jin da oš.}
255 510 1433 552 {važe̮n e̮t̕ik starikle̮n ve̮le̮ma zev di̮š i gorš kań. starik sije̮s}
151 570 1434 613 {kate̮das ve̮r-pi̮vśane̮ i a₍t̕śi̮s be̮r munas gortas. kań ovme̮d̕t̕śis pi̮v-}
148 630 1430 672 {śani̮n. e̮t̕t̕śi̮d sije̮ pi̮vśan dore̮ loktis rut̕ś, ad̕d̕źis kańe̮s da i šue̮:}
151 692 1434 732 {»ki̮ś te, ku₍tše̮m zèer?» kań šuḙ: »mene̮ i̮stisni̮ kari̮ś tat̕t̕śe̮ stav zèer
151 751 1431 792 {vi̮las i̮₍dži̮d vi̮le̮.» rut̕ś šue̮: »mene̮ vere̮s saje̮ on vai̭?» kań šue̮:}
152 811 1216 853 {»vaja.» śḙśa naja pu ge̮ge̮r ge̮ge̮rtasni̮ da i love̮ni̮ gozja.}
252 871 1434 913 {e̮t̕t̕śi̮d rut̕ś munas kań dini̮ś ve̮re̮. si̮li̮ pani̮d love̮ ke̮jin. ke̮jin}
151 931 1434 971 {uśke̮d̕t̕śas rut̕ś vi̮le̮. rut̕ś i šuḙ: »en kole̮-ke̮n mene̮ ve̮rźe̮d! meam}
152 991 1436 1032 {em muži̮k. sije̮s i̮ste̮mae̮ś kari̮ś tat̕t̕śe̮ stav zèer vi̮las i̮₍dži̮d vi̮le̮.»}
152 1050 1434 1093 {ke̮jin šue̮: »oz-e̮ poź mem muži̮kte̮ ad̕d̕źe̮dli̮ni̮?» rut̕ś šue̮: »poźe̮, mež}
152 1111 728 1152 {tuša-ke̮ vajan.» ke̮jin ke̮sji̮śas.}
770 1237 817 1264 17.
227 1301 1359 1342 Die katze, der fuchs, der wolf und der bär.
257 1381 1435 1422 Es hatte einmal ein mann eine sehr faule und gefrässige
152 1441 1433 1481 katze. Der mann bringt sie in eine waldhütte fort und kehrt
152 1501 1434 1542 selbst nachhause zurück. Die katze begann sich in der hütte
152 1560 1436 1601 häuslich niederzulassen. Einmal kam ein fuchs zu der hütte, er-
154 1621 1435 1663 blickte die katze und sagt: »Woher bist du, was für ein tier [bist
153 1682 1435 1723 du]?» Die katze sagt: »Sie schickten mich als hauptmann über
152 1742 1435 1783 alle tiere aus der stadt hierher.» Der fuchs sagt: »Möchtest du
152 1802 1436 1844 mich nicht heiraten?» Die katze sagt: »Gewiss, ich nehme dich.»
156 1863 1364 1904 Dann gehen sie um einen baum und werden so ein ehepaar\1.
258 1923 1435 1964 Einmal geht der fuchs von der katze weg in den wald. Ihm
154 1983 1434 2024 entgegen kommt ein wolf. Der wolf stürzt auf den fuchs los.
155 2044 1436 2084 Der fuchs aber sagt: »Bühre mich nicht an, oder ! Ich habe
154 2103 1435 2144 einen mann. Er ist aus der stadt als hauptmann über alle tiere
153 2162 1436 2205 hierhergeschickt worden.» Der wolf sagt: »Könnte ich deinen
154 2223 1436 2263 mann nicht zu sehen bekommen?» Der fuchs sagt: »Gewiss, das
153 2283 1438 2323 geht an, wenn du [nur] den rumpf eines widders mitbringst.» Der
155 2344 571 2383 wolf verspricht [dies].
257 2429 1438 2469 \1\ Bei der griechisch-katholischen trauzeremonie schreitet das braut-
154 2481 868 2521 paar u. a. dreimal um den altar herum.
