1830 2952
738 237 909 265 55 —
182 329 1465 372 {ke̮jin petas sitanśi̮s i stav e̮šse̮ śojas. askinas barin t̕śḙt̕t̕śas, munas}
182 389 1465 432 {ešjas dine̮, vi₍d̕źe̮dlas: e̮t̕ik e̮š abu! me̮d voi̭ kežle̮ barin petuke̮s je̮rtas}
183 450 1465 493 {ve̮vjas berde̮. šuas ve̮vjasli̮: »taje̮s zev jona t̕śužjavni̮ kole!» petuk}
182 510 1465 553 {sitanśi̮s le₍d̕źas oške̮s i oš stav ve̮vse̮ śojas. aski barin t̕śḙt̕t̕śas, petuke̮s}
181 571 1464 613 {bośtas, pes-plaka vi̮le̮ jurse̮ puktas i kutas keri̮štni̮: asli̮s kok-lapaas}
182 632 1295 674 {inmas. petuk, oš da ke̮jin iz-ki bośtasni̮ da nuasni̮ gortas.}
800 793 848 822 19.
682 875 966 907 {rut̕ś be̮rdi̮ś}
287 960 1465 1001 {olis vi̮lis starik gozja. stariki̮sle̮n babai̮s kuli. starik me̮dis}
181 1020 1465 1062 {be̮rdi̮śe̮s korśni̮. pani̮d loi oš: »ki̮t̕t̕śe̮ munan?» »babae̮i̭ kuli, be̮rdi̮śe̮s}
184 1080 1463 1122 {korśni̮ me̮di.» »me lokta!» »d̕ivja tai̭ lok, lok!» oš vois, kutis be̮rdni̮:}
182 1211 1467 1251 er stirbt!» Der hahn sagt zu dem wolf: »Komm heraus!» Der
184 1270 1467 1304 wolf kommt aus seinem steiss heraus und frisst alle ochsen. Am
184 1330 1466 1372 morgen steht der herr auf, geht zu den ochsen, schaut hin: nicht
184 1391 1467 1432 ein einziger ochse ist [mehr] da! Für die folgende nacht sperrt der
184 1450 1467 1491 herr den hahn zu den pferden. Er sagt zu den pferden: »Dieser
184 1511 1466 1551 ist recht tüchtig zu treten!» Der hahn lässt den bären aus seinem
182 1571 1468 1611 steiss, und der bär frisst alle pferde. Am morgen steht der herr
184 1632 1467 1672 auf, nimmt den hahn, legt seinen kopf auf einen holzklotz und
185 1691 1467 1732 macht sich daran [ihn mit der akt] durchzuhauen: [die azt
184 1752 1468 1793 aber] geht ihm in den eigenen fuss. Der hahn, der bär und der
185 1812 1260 1852 wolf nehmen den mühlstein und tragen ihn nachhause.
1127 1872 1365 1914 (Ust̕sysol̕sk.)
805 1979 852 2006 19.
485 2061 1166 2101 Der fuchs als klagesänger.
290 2145 1467 2179 Es war einmal ein mann und eine frau. Die frau des man-
185 2206 1468 2247 nes starb. Der mann machte sich auf um eine klagesängerin zu
186 2266 1467 2307 suchen. Entgegen kam ihm ein bär: »Wohin gehst du?» »Mein
185 2326 1467 2368 weib ist gestorben, ich habe mich aufgemacht um eine klagesän-
184 2386 1466 2427 gerin zu suchen.» »lch gehe [als klagesängerin] mit!» »Nun wohl,
186 2446 1468 2487 komm, komm!» Der bär kam herbei, er begann zu klagen: »uk,
