1802 2957
913 258 1088 288 — 170 —
470 352 541 381 241.
366 420 479 442 {śove̮m.}
471 473 542 502 242.
471 535 543 563 243.
470 596 542 624 244.
472 656 544 686 245.
472 718 544 746 246.
472 779 543 807 247.
472 839 544 868 248.
471 900 542 929 249.
471 960 542 989 250.
472 1021 544 1051 251.
589 349 1654 394 {komi̮n-kujim zon varte̮ni̮., e̮t̕i ge̮rd-paśa berge̮dle̮. —}
589 471 1560 512 {kud ti̮r šeg, da ki̮k l̕iśne̮i̭. — ko₍d̕źul, šondi i te̮li̮ś.}
591 532 1415 574 {kuź kuź muži̮k voi̭ i lun telme̮. — lai̭kjan,}
589 592 1455 635 {mi₍t̕śa mi₍t̕śa d̕ḙt̕ina, pi̮r ki̮k-ve̮ńa. — pi̮š-jur.}
589 653 1442 696 {mi₍t̕śa mi₍t̕śa d̕ḙt̕ina, pi̮r viž-šl̕apaa. — iste̮g.}
590 714 1504 757 {mi₍t̕śa mi₍t̕śa it̕ś-moń, da pi̮ri̮s ti̮dale̮. — gi̮mga.}
589 775 1538 816 {ńol̕-koka pi̮šje̮, ke̮kja·mi̮s-koka ve̮tśe̮. — ve̮l i dod̕}
590 836 1238 878 {oš ore̮m-koska, ke̮rt-koka. — tojin.}
590 897 1416 939 {ti̮ vot̕i̮šte̮, ta vot̕i̮šte̮, vek oz vot̕i̮š. — iśerga.}
589 957 1136 999 {tutu ji̮li̮n ńa̭ń-šome̮s. — šep.}
592 1019 1260 1060 {terkai̮n śie̮s, i̮llai̮n skamja. — pon.}
470 1157 1654 1198 241. Dreiunddreissig burschen dreschen, einer im roten pelze
368 1218 1654 1259 wendet [die garben] um. — Das essen [d. h. die zähne und die
367 1279 496 1319 zunge].
471 1338 1653 1377 242. Eine schachtel voller knöchel, aber zwei sind darin zu
368 1399 1258 1437 viel. — Die sterne, die sonne und der mond.
471 1458 1650 1500 243. Ein langer, langer mann, betet [d. h. verbeugt sich]
368 1518 1082 1559 nacht und tag. — Die wiegenstange.
470 1578 1653 1619 244. Ein schöner, schöner bursche, immer mit zwei gürteln
370 1638 947 1679 [umgürtet]. — Die hanfgarbe.
471 1699 1654 1739 245. Ein schöner, schöner bursche, hat immer eine gelbe
370 1759 1218 1799 mütze [auf dem kopfe]. — Das streichholz.
470 1818 1654 1860 246. Eine schöne, schöne junge frau, aber hindurch sieht
366 1879 733 1911 man. — Die reuse.
471 1938 1654 1978 247. Vierbein läuft, achtbein setzt ihm nach. — Das pferd
366 1998 709 2031 und der schlitten.
470 2058 1655 2099 248. Ein bär mit schmalen [eig.: mit eingeschnittenen] hüf-
366 2118 1149 2156 ten, eisernem fusse. — Die mörserkeule.
469 2179 1653 2219 249. Jener tropft, dieser tropft, tropft [dennoch] niemals
366 2239 876 2279 herab. — Die ohrgehänge.
470 2298 1651 2339 250. Am wipfel des schösslings ein teigzuber. — Die ähre.
470 2358 1656 2397 251. In der stube ein kummet, draussen eine bank. —
368 2420 562 2451 Der hund.
