1823 2962
728 267 833 296 – 85
169 360 1451 401 {me̮das vo₍d̕źe̮. munas da munas, ad̕d̕źe̮: e̮t̕i d̕a̭d̕e̮ kerkaśi̮s petalas,}
170 420 1451 461 {vae̮ uśke̮d̕t̕śi̮las da mi̮i̭-ke̮ vomas pi̮rtas. zon juale̮: »mi̮i̭ ne̮ te, d̕a̭d̕e̮,}
171 480 1454 522 {keran?» »me va pi̮rtla vome̮n ši̮d puni̮.» zon śere̮ktas da šuas: »mem}
170 540 1454 583 {śo śai̭t ke̮ śetan, me ted ve̮₍t̕śa doz». d̕a̭d̕e̮ si̮li̮ śetas śo śai̭t i zon}
171 600 1452 643 {ve̮₍t̕śas doz. si̮le̮n loe̮ kujim-śo śai̭t i dumai̭te̮: »bi̮dlai̮n že̮ em mijan}
171 660 1452 704 {kod̕ je̮i̭ je̮zi̮d!» sije̮ gortas berge̮d̕t̕śas da mami̮sjas da bat̕i̮sjas vek}
169 722 1448 762 {na sen be̮rde̮ni̮. sije̮ stavni̮se̮ kate̮dlas gortas, kutasni̮ ovni̮ zev le̮śi̮da.}
169 782 498 821 {i e̮ni ole̮ni̮ vi̮le̮ni̮.}
788 888 837 916 28.
742 965 888 997 {dureń}
273 1049 1450 1090 {olis vi̮lis starik gozja. nale̮n ve̮li kujim pi; med i₍t̕śe̮ti̮s dureń.}
171 1109 1451 1151 {ki̮k i̮₍dži̮d pii̮s zev jona u₍džale̮ni̮, a dureńi̮s pat̕t̕śeras kui̭le̮. e̮t̕t̕śi̮d}
170 1168 1451 1210 {mami̮s i šue̮: »pie̮i̭, let̕t̕śi̮ da let̕ś pukti̮!» dureń bośtis let̕ś i puktis}
170 1298 1450 1339 wandert [und] sieht, wie ein mann aus seiner hütte herausgeht,
171 1357 1448 1399 sich in den fluss wirft und etwas in seinem munde hineinträgt.
172 1419 1449 1459 Der knabe fragt: »Was machst du denn, onkelchen?» »lch trage
171 1479 1454 1519 in meinem munde wasser hinein um [mir] suppe zu kochen!» Der
170 1538 1449 1579 knabe lacht auf und sagt: »Wenn du mir hundert rubel gibst,
171 1598 1451 1639 so mache ich dir ein gefäss.» Der mann gibt ihm hundert rubel,
170 1659 1452 1699 und der knabe macht [ihm] ein gefäss. Er hat nun dreihundert
170 1712 1451 1759 rubel, und er überlegt: »Uberall gibt es ja so dumme menschen
171 1778 1452 1818 wie bei uns [zu hause]!» Er kehrt nachhause zurück, und dort
171 1838 1455 1871 weinen mutter und vater wie auch die anderen immer noch. Er
172 1898 1453 1938 führt sie alle hinein, [und] sie beginnen überaus wohlhabend zu
170 1958 741 1991 leben. Sie leben heute noch.
1164 2001 1350 2041 (Vyl̕gort.)
790 2082 840 2110 28.
627 2157 999 2197 Der einfältige.
277 2242 1454 2275 Es war einmal ein mann und eine frau. Sie hatten drei
172 2302 1450 2343 söhne; der jüngste war einfältig. Die beiden älteren brüder ar-
172 2361 1449 2403 beiten sehr tüchtig, der einfältige aber fläzt sich auf dem ofen. Ein-
171 2421 1450 2463 mal sagt seine mutter: »Mein junge, gehe hin und stelle schlingen
172 2480 1451 2523 aus!» Der einfältige nahm eine schlinge und stellte sie auf den
