1802 2980
904 283 1098 312 — 286 —
359 371 829 414 {30. let̕t̕śa tai̭ me bazaras,}
424 433 765 473 {da bi̮d tor tai̭ em,}
426 494 755 528 {tol̕ke̮ mami̮s abu!}
423 553 907 598 {bi̮dse̮n tai̭ sete̮n i śe̮d je̮z!}
424 613 1099 658 {izje̮n vae̮ ve̮je̮ma menam matuškae̮i̭!}
359 677 1252 720 {55. voam tai̭ da pukśam da be̮rdam da be̮rdam,}
423 737 1128 779 {ńe-kod tai̭ e̮ni mijanli̮ śoi̭ni̮s oz korś.}
423 796 1224 840 {śinme̮n ad̕d̕źi̮vte̮m vi̮le̮, pel̕e̮n ki̮vli̮te̮m vi̮le̮}
423 859 1240 901 {mamte̮m bal̕a moz jansalime̮ da ke̮₍d̕źalime̮.}
423 920 1273 963 {ńe tḙ šte̮ śinme̮n ad̕d̕źi̮vni̮ da pel̕nad ki̮vli̮ni̮,}
358 978 880 1014 {40. — i ve̮tnas on ad̕d̕źi̮vli̮!}
423 1039 1221 1081 {ok ok ok! śondi-bane̮i̭, menam matuškae̮i̭!}
422 1100 1377 1144 {šondi-bane̮i̭, presvjata·ja bogoro·d̕i₍t̕śae̮i̭, matuškae̮i̭!}
423 1160 1596 1208 {presvjata·ja mat̕i bogoro·d̕i₍t̕śa kod̕ ve̮d menam ve̮li matuškae̮i̭!}
358 1342 1028 1385 30. Wenn ich auf den markt gehe,
426 1401 974 1443 ist dort gewiss allerlei ware,
422 1461 1066 1496 meine mutter nur ist nicht dort!
421 1521 1301 1560 Alle, die dort sind, sind nur schwarzes volk!
423 1581 1642 1622 Gerade, wie ein stein im wasser versinkt, ist mein mütterchen
1181 1645 1485 1686 [verschwunden]!
356 1701 1641 1746 35. [Nachhause] kommen wir und setzen uns hin und weinen, weinen,
421 1761 1373 1804 niemand sucht uns ja jetzt [mehr] essen hervor.
422 1821 1409 1864 Für die augen unsichtbar, für die ohren unhörbar,
421 1880 1641 1925 wie die mutterlosen lämmer, wurden wir [von dir] getrennt
1176 1945 1467 1977 und erkalteten.
420 2000 1640 2043 Ja, nicht einmal bloss für die augen unsichtbar, für die ohren
1178 2064 1360 2103 unhörbar,
355 2120 1234 2156 40. — auch im traume sehen wir dich nicht!
420 2179 1314 2221 Oh, oh, oh! mein sönnchen, mein mütterlein!
419 2241 1640 2283 Mein sönnchen, mein allerheiligstes gottmütterchen, mein müt-
1177 2304 1310 2336 terlein!
419 2360 1638 2403 Denn der allerheiligsten gottmutter gleich war ja mein müt-
1175 2424 1310 2455 terlein!
