1797 2946
698 247 891 276 — 123 —
154 337 1439 381 {uźam!» kat̕erina šue̮: »t̕śas samovar puktam da t̕śa̭i̭ juam da}
153 397 1437 443 {ve̮l̕iśti —.» — kod-ke̮ t̕śuksaśe̮: »e̮i̭, kat̕erina, vośti̮!» pop d̕źebśis,}
152 457 1438 503 {sija bośtis dugńik, paśtalis da pondis izni̮. lokte̮ d̕ake̮n. sija e̮dje̮-}
156 519 1439 562 {ži̮k ki̮ź-vit t̕śe̮lke̮ve̮i̭ śetis i šuis: »vai̭ e̮dje̮ži̮k uźam!» »t̕śas» kat̕e-}
152 579 1437 624 {rina šue̮, »t̕śa̭i̭ juam da ve̮l̕iśti — .» kod-ke̮ e̮pe̮t̕ gorze̮: »vośti̮,}
154 639 1439 684 {kat̕erina!» d̕ake̮n škape̮ pi̮ris. lokte̮ psalomšik; e̮dje̮ži̮k sija das-}
153 699 1439 743 {vit t̕śe̮lke̮ve̮i̭ śetis: »vai̭, e̮dje̮ži̮k uźam!» šue̮. »t̕śas t̕śa̭i̭ juam da ve̮-}
152 760 1438 803 {t̕iśti — .» kod-ke̮ e̮pe̮t̕ ve̮zji̮śe̮. psalomšik pe̮lat̕e̮ kajis. lokte̮ ivan}
152 819 1438 864 {mel̕ńi₍t̕śai̮s, kerkae̮ pi̮ras da ružje̮ bośtas da pe̮lat̕as ke̮sje̮ li̮i̭ni̮. psa-}
154 879 1438 923 {lomšik gore̮dis da e̮dje̮ži̮k viśtalis: »pop ize̮, d̕ake̮n škapi̮n!» kor-ke̮}
153 940 1438 984 {stavni̮s loktisni̮, šuisni̮: »taje̮ ńe-kodli̮ en viśtal!» a ivan bośtis ge̮n}
151 1000 1215 1043 {da śir da stavni̮sse̮ maltis śire̮n da ge̮ne̮n da gide̮ je̮rtis.}
255 1060 1437 1104 {kor-ke̮ popad̕d̕ajas loktisni da juaśe̮ni̮ popjase̮s. kor-ke̮ ivan}
151 1120 1439 1163 {da kat̕erina nijae̮s kutisni̮ verdni̮, nija šue̮ni̮: »ivan, tead tai̭}
152 1251 1437 1286 wir den samovar zurecht und trinken thee und erst dann »
154 1312 1436 1353 Jemand ruft: »He, Kätchen, mach auf!» Der pfarrer versteckte
153 1370 1436 1412 sich, er nahm ein grosses frauenkleid, zog es sich über und be-
153 1431 1436 1472 gann [mit der handmühle] zu mahlen. Der diakon langt an. Er
153 1492 1435 1533 gab flink fünfundzwanzig rubel und sagte: »Lass uns sofort schla-
152 1552 1435 1594 fen!» »Auf der stelle trinken wir thee», sagt Kätchen, »und erst
153 1613 1436 1653 dann » Wieder ruft jemand: »Mach auf, Kätchen!» Der dia-
152 1672 1434 1715 kon ging in den schrank. Der psalmensänger langt an; er gab
153 1731 1436 1774 sofort fünfzehn rubel: »Lass uns sofort schlafen!» sagt er. »Auf
153 1792 1434 1826 der stelle trinken wir thee und erst dann » Wieder bittet
153 1851 1434 1893 jemand eingelassen zu werden. Der psalmensänger kletterte auf
154 1912 1435 1952 das schlafgerüst. Ivan kommt aus der mühle an, tritt in die
153 1972 1433 2013 stube, nimmt die flinte und will auf das schlafgerüst schiessen.
155 2032 1433 2074 Der psalmensänger schrie auf und sagte eilig: »Der pfarrer mahlt,
152 2091 1434 2134 der diakon im schrank!» Als alle [aus ihrem versteck] hervorka-
152 2153 1435 2194 men, sagten sie: »Erzähle niemandem etwas hiervon!» Ivan aber
152 2215 1433 2249 nahm federn und teer und bestrich sie alle mit teer und federn
153 2275 777 2315 und sperrte sie in den viehstall.
254 2335 1434 2376 Schliesslich kamen die frauen der geistlichen, und sie erkun-
151 2395 1434 2437 digen sich nach den geistlichen herren. Als lvan und Kätchen
150 2456 1433 2497 sie zu bewirten begannen, sagen sie: »lvan, du hast ja sehr gute
