1832 2952
904 250 947 278 —
970 250 1009 278 22
1036 266 1075 269 —

349 343 424 374 hara
450 342 526 374 lezse
547 346 583 375 Se
606 342 704 375 bost!»
737 346 770 375 si
792 343 881 376 berin
907 353 972 383 pan
980 343 1012 374 id
1035 341 1117 375 loeni
1137 353 1168 374 m
1172 341 1268 383 esjas,
1296 343 1390 383 iSjas.
1430 342 1492 383 sije
1514 342 1584 376 side
1603 355 1637 376 ze

348 403 487 436 malalas
510 402 602 443 najes
623 404 664 435 da
688 403 852 444 lapkedas.
890 403 966 443 naja
989 403 1067 443 sijes
1089 403 1160 436 sidz
1182 408 1218 435 ie
1239 403 1409 435 reledasni.
1445 407 1502 435 niv
1517 414 1636 436 munas

349 464 390 495 da
420 475 538 496 munas
542 464 548 502 ,
573 464 614 495 da
636 463 650 504 j
662 475 679 495 o
689 474 720 496 m
731 464 772 496 ai
782 475 798 497 e
808 475 829 496 n
854 464 948 496 kerka
973 474 1058 496 roas.
1106 463 1168 503 sije
1191 475 1295 504 ptras.
1339 464 1353 504 j
1363 475 1450 496 oma
1474 464 1546 496 $ue:
1571 474 1584 494 »
1587 464 1624 505 uf
1627 491 1634 501 ,

347 528 470 556 menim
504 524 595 564 sluga
628 524 752 556 voema!
797 536 877 556 mun
908 524 986 564 edje,
1022 528 1140 564 pjvsan
1171 525 1264 562 redit,
1293 530 1378 564 peste
1402 525 1544 565 potkedli
1564 525 1635 557 med

348 584 455 616 »kuis»
477 584 514 616 ni
537 584 639 616 bkath
655 595 690 616 oz
712 585 782 616 hiv!
814 588 965 626 pivsante
980 584 1071 617 lomti
1087 585 1127 616 da
1143 585 1215 616 med
1233 587 1297 622 t-jin
1313 585 1351 617 ni
1367 596 1406 617 ru
1422 596 1457 617 oz
1473 585 1556 626 pel!»
1577 590 1635 617 niv

349 645 462 677 lomtas
494 645 623 686 pitsan,
669 645 783 686 joma
815 646 940 686 pivs'em
971 646 1061 677 berin
1088 644 1180 686 vajas
1204 645 1298 685 gerda
1322 646 1385 678 leza
1409 646 1474 678 kud
1497 646 1539 677 da
1561 646 1632 678 &ue:

349 706 429 737 »bost
462 706 639 739 kodse-ke!»
683 710 741 745 njv
773 706 876 738 bostas
900 706 977 738 lezse
999 706 1038 737 da
1064 716 1180 738 munas
1203 711 1318 745 gortas.
1363 717 1482 738 munas
1505 717 1633 746 munas,

348 766 390 798 da
420 766 565 807 jukmese
596 777 671 798 voas
700 767 742 799 da
763 766 888 807 pondas
910 767 1052 806 gorzini:
1079 767 1163 805 bafjs
1187 766 1272 799 kilas
1296 768 1337 798 da
1361 766 1461 799 loktas
1485 767 1497 799 i
1522 767 1633 808 leptas.

349 827 453 859 kudas
476 827 694 866 vt.dzedlasni,
720 839 737 859 a
763 828 832 860 seni
856 827 1049 868 pas-kemid,
1076 827 1227 868 dengaid,
1251 826 1360 868 mujid
1382 828 1459 859 abu!

452 888 529 919 baba
554 888 566 920 i
589 888 646 920 Sue
669 888 812 920 starikli:
837 897 897 920 »nu
920 888 987 928 edje
1009 891 1162 920 menfsim.
1185 888 1267 920 niles
1289 888 1459 928 jukmesad
1463 888 1490 920 /»
1533 888 1636 920 siarik

348 948 430 986 njles
453 948 579 981 Sibitas.
621 952 680 980 niv
701 960 819 981 munas
843 949 884 981 da
907 960 1034 986 munas,
1059 954 1114 982 vei
1136 949 1208 981 vidz
1230 949 1293 981 vile
1315 959 1399 982 voas.
1436 949 1506 981 seni
1530 949 1635 990 vevjas

347 1008 477 1049 jirseni.
512 1008 573 1049 sije
597 1009 688 1049 najes
703 1011 808 1041 neitas
823 1010 864 1041 da
881 1009 1059 1048 kufskalas,
1078 1021 1095 1041 a
1113 1008 1220 1050 v§vjas
1234 1010 1345 1042 Sueni:
1365 1010 1428 1041 »led
1442 1009 1484 1050 jo
1494 1008 1576 1042 mal
1587 1020 1635 1042 en

348 1069 444 1101 kerka
479 1080 563 1108 voas,
596 1070 635 1101 da
668 1069 729 1110 sije
762 1070 849 1101 tenid
881 1069 974 1110 vajas
1002 1070 1096 1109 gerda
1126 1069 1189 1102 leza
1215 1070 1296 1109 kud;
1322 1075 1348 1102 te
1371 1070 1448 1102 hara
1471 1070 1577 1109 gerdse
1600 1074 1636 1101 Se

349 1208 392 1240 da
416 1208 448 1247 ja
474 1208 526 1240 die
545 1209 641 1240 blaue
653 1209 675 1240 !»
712 1208 838 1240 Darauf
854 1209 1011 1240 kommen
1033 1209 1104 1248 [ihr]
1126 1209 1286 1248 entgegen
1304 1208 1404 1245 kühe,
1422 1207 1546 1240 schafe.
1582 1206 1634 1239 Sie

350 1268 518 1300 streichelt
554 1269 621 1300 und
654 1268 814 1301 tätschelt
846 1268 892 1300 sie
921 1268 1051 1300 ebenso.
1099 1268 1152 1300 Sie
1175 1269 1280 1308 geben
1305 1269 1355 1300 ihr
1378 1268 1558 1300 denselben
1582 1270 1633 1299 rat

353 1329 424 1369 [wie
447 1329 500 1361 die
524 1328 662 1369 pfcrdej.
698 1330 766 1361 Das
788 1329 954 1362 mädchen
976 1330 1128 1362 wandert
1151 1330 1269 1362 immer
1286 1330 1397 1361 weiter
1415 1330 1480 1361 und
1499 1331 1635 1369 gelangt

351 1398 427 1421 zum
459 1389 543 1422 haus
567 1389 624 1430 der
646 1389 742 1430 joma.
795 1389 847 1422 Sie
870 1389 947 1421 tritt
971 1389 1091 1421 hinein.
1145 1389 1205 1430 Die
1227 1390 1315 1430 joma
1338 1392 1427 1430 sagt:
1458 1390 1537 1428 »Uh,
1566 1390 1631 1430 [da]

348 1449 389 1480 ist
414 1450 486 1481 eine
509 1449 657 1482 dienerin
682 1449 736 1481 für
758 1450 845 1482 mich
870 1450 1084 1488 gekommen!
1119 1450 1187 1481 Geh
1210 1449 1408 1489 geschwind,
1427 1450 1525 1481 mach
1545 1448 1631 1489 [mir]

347 1508 399 1540 die
439 1510 626 1541 badestube
664 1510 810 1548 zurecht,
850 1510 958 1549 spalte
996 1509 1080 1548 holz,
1121 1510 1236 1541 sodass
1274 1509 1367 1541 nicht
1405 1510 1466 1541 das
1504 1510 1634 1541 leiseste

348 1569 500 1601 knacken
546 1570 669 1603 hörbar
714 1570 810 1602 wird!
880 1570 981 1602 Heize
1027 1570 1079 1602 die
1126 1571 1311 1602 badestube
1356 1579 1403 1608 so,
1443 1571 1518 1602 dass
1556 1570 1633 1601 kein

348 1630 450 1662 rauch
484 1631 552 1661 und
586 1630 663 1662 kein
698 1631 815 1670 dampf
849 1630 1136 1663 herauskommt!»
1182 1631 1250 1662 Das
1278 1631 1443 1662 mädchen
1468 1631 1557 1662 heizt
1582 1630 1635 1662 die

346 1689 544 1722 badestube.
592 1691 685 1722 Nach
719 1691 794 1722 dem
826 1690 915 1723 bade
946 1691 1059 1729 bringt
1087 1690 1140 1730 die
1166 1690 1253 1730 joma
1279 1690 1349 1722 eine
1372 1694 1445 1722 rote
1468 1691 1538 1722 und
1562 1689 1634 1722 eine

347 1749 445 1781 blaue
480 1750 650 1783 Schachtel
684 1751 754 1782 und
784 1752 874 1791 sagt:
912 1750 1040 1782 »Nimm
1064 1751 1136 1783 eine
1160 1760 1225 1781 von
1250 1750 1402 1782 beiden!»
1448 1751 1516 1782 Das
1540 1751 1634 1782 mäd¬

348 1810 431 1842 chen
472 1810 593 1842 nimmt
628 1811 680 1842 die
714 1811 812 1842 blaue
847 1812 917 1842 und
950 1811 1028 1850 geht
1064 1811 1255 1843 nachhause
1290 1820 1340 1842 zu.
1395 1810 1448 1842 Sie
1482 1812 1633 1843 wandert

347 1870 543 1909 immerfort,
572 1872 706 1911 gelangt
735 1871 766 1903 in
791 1872 855 1904 den
880 1872 1032 1903 brunnen
1061 1872 1129 1902 und
1157 1871 1251 1911 fängt
1280 1880 1322 1903 an
1351 1880 1392 1902 zu
1418 1871 1530 1903 rufen:
1564 1870 1633 1903 sein

346 1933 444 1963 vater
475 1932 551 1963 hört
587 1933 643 1971 [es]
679 1932 748 1963 und
780 1931 912 1963 kommt
941 1932 1008 1963 und
1033 1931 1114 1963 hebt
1142 1932 1198 1971 [es]
1224 1930 1351 1964 hinauf.
1399 1930 1451 1963 Sie
1476 1931 1576 1962 sehen
1601 1930 1633 1962 in

347 1992 400 2024 die
432 1992 612 2030 schachte],
647 1992 714 2023 und
748 1992 888 2023 drinnen
924 1993 1055 2032 [waren]
1086 1990 1222 2030 kleider,
1257 1991 1332 2031 geld
1356 1992 1424 2023 und
1450 2000 1516 2023 was
1540 1994 1634 2023 sonst

346 2052 439 2083 nicht
463 2052 556 2084 alles!

453 2111 511 2143 Die
536 2112 608 2143 frau
633 2114 706 2151 sagt
731 2121 770 2142 zu
798 2112 926 2152 [ihrem]
953 2120 1089 2144 manne:
1114 2112 1232 2152 »Bring
1254 2112 1360 2143 sofort
1376 2112 1485 2143 meine
1502 2112 1635 2143 tochter

346 2171 378 2203 in
403 2172 467 2203 den
491 2173 680 2204 brunnen!»
715 2173 780 2203 Der
804 2181 905 2203 mann
930 2171 1017 2203 wirft
1041 2174 1101 2204 das
1124 2172 1290 2203 mädchen
1309 2172 1352 2211 [in
1371 2172 1435 2203 den
1451 2172 1630 2211 brunnen].

347 2232 415 2263 Das
438 2232 602 2264 mädchen
627 2233 776 2264 wandert
803 2233 871 2263 und
897 2232 1045 2263 wandert
1075 2232 1166 2271 [und]
1193 2232 1326 2270 gelangt
1344 2240 1383 2262 zu
1401 2231 1491 2263 einer
1505 2234 1632 2270 grünen

345 2290 451 2324 wiese.
500 2292 551 2324 Da
585 2292 659 2323 sind
694 2292 808 2331 pferde
843 2292 900 2324 auf
934 2293 992 2323 der
1024 2292 1136 2324 weide.
1186 2292 1229 2323 Es
1252 2292 1383 2331 schlägt
1407 2292 1477 2323 und
1500 2292 1631 2332 prügelt

345 2351 401 2390 sie,
427 2352 480 2383 die
504 2352 616 2391 pferde
642 2353 722 2384 aber
744 2360 861 2392 sagen:
886 2352 954 2383 »Du
978 2352 1129 2392 gelangst
1153 2361 1228 2383 zum
1253 2353 1337 2384 haus
1361 2351 1419 2391 der
1439 2351 1538 2391 joma,
1564 2353 1632 2384 und

343 2412 390 2443 sie
424 2412 535 2452 bringt
568 2413 619 2444 dir
651 2413 723 2444 eine
747 2414 819 2445 rote
843 2413 912 2444 und
936 2412 1008 2444 eine
1032 2413 1130 2445 blaue
1153 2412 1341 2451 Schachtel;
1366 2412 1471 2444 nimm
1495 2413 1576 2445 aber
1598 2412 1634 2452 ja
