1797 2943
698 265 741 293 —
764 264 802 293 33
827 280 869 283 —

141 360 244 397 sivni.
290 368 327 389 ur
358 367 535 389 onmovsas.
581 357 631 388 Sir
659 357 747 389 beise
768 356 849 389 urlis
872 357 1007 394 vundas,
1040 367 1110 389 asse
1139 355 1265 394 Sibitas,
1294 356 1307 388 i
1334 356 1428 388 kulas

141 418 221 451 bara
243 421 349 451 sivni:

556 487 619 527 f>8jr
642 486 724 518 kivte
744 486 823 525 kate,

556 545 746 586 ka.tSa-keja
770 549 860 586 piia,

556 606 713 647 moi-lapa
736 606 849 647 pelisa,

554 668 664 701 ur-beS
686 667 781 707 zibja,

556 727 695 759 kir-ketS
718 727 807 759 dorse
829 726 990 766 sinjiStas,

560 786 605 819 lia
630 787 719 819 dorse
742 786 916 826 sibjiSlas.»

145 896 215 923 ruis
249 890 353 930 panid
386 890 441 923 loe.
488 890 551 920 »Sir
552 900 568 920 e
597 889 687 930 fsoje,
719 899 772 921 sev
804 891 851 921 tai
879 890 922 921 les
928 889 980 921 idä
1002 890 1107 922 siian!
1151 900 1240 923 mene
1263 891 1304 922 on
1328 890 1430 922 bos't?»

147 951 248 982 »bosta
272 951 351 989 eske,
378 951 418 982 da
442 952 533 990 piSei
553 959 605 982 sev
627 950 735 991 i/set.»
768 960 833 982 »me
858 950 940 982 tofke
963 950 1135 990 lapa-lores
1151 950 1328 991 puktj&la!»
1360 952 1429 982 rufs

146 1011 278 1051 puksas.
313 1010 362 1041 Sir
385 1011 460 1042 bara
485 1010 578 1042 kutas
599 1015 699 1042 sivni.
736 1012 806 1042 rufs
830 1021 1007 1041 onmovsas.
1043 1010 1092 1041 Sir
1112 1010 1200 1050 jurse
1223 1010 1298 1042 silis
1318 1011 1430 1043 oredas

147 1071 187 1102 da
212 1081 267 1102 tae
288 1070 416 1102 Sibitas.
451 1070 501 1101 Sir
524 1070 597 1102 bara
621 1073 713 1108 sivni
734 1069 822 1102 sid'si
845 1081 877 1102 se
901 1069 1003 1101 kulas.
1039 1069 1075 1100 ke
1078 1073 1094 1101 f
1091 1081 1106 1101 s
1131 1069 1223 1102 lokte:
1242 1070 1320 1101 »Sire
1340 1070 1429 1111 tsoje,

146 1141 198 1163 sev
231 1132 277 1165 tai
307 1130 349 1163 les
351 1131 408 1168 Ida
430 1130 534 1162 siian!
580 1140 668 1162 mene
691 1141 732 1161 on
755 1130 819 1161 bosl
826 1129 856 1160 ?»
900 1130 998 1161 »bosta
1023 1129 1102 1168 eske,
1127 1129 1166 1160 da
1189 1140 1243 1162 sev
1264 1129 1345 1168 i/set
1366 1141 1429 1162 me-

148 1267 306 1300 eichhorn
340 1267 403 1298 den
432 1266 586 1299 schwänz
609 1267 663 1304 ab,
688 1266 748 1297 das
772 1266 928 1299 eichhorn
953 1267 1055 1299 selbst
1080 1265 1168 1300 wirft
1192 1267 1237 1299 sie
1264 1267 1325 1307 [ins
1349 1277 1432 1301 Was¬

148 1329 210 1367 ser]
237 1328 304 1359 und
329 1327 467 1367 beginnt
491 1326 613 1359 wieder
635 1335 675 1358 zu
699 1326 827 1366 singen:

252 1430 329 1463 »Die
354 1440 449 1462 maus
471 1430 561 1462 fährt
586 1430 830 1468 flussabwärts,
854 1430 1107 1468 flussaufwärts,

252 1491 284 1522 in
310 1491 398 1522 ’nem
423 1492 503 1522 boot
527 1500 587 1522 aus
612 1492 688 1522 dem
712 1490 888 1522 brustbein
912 1491 970 1521 der
992 1491 1101 1529 elster,

253 1551 315 1583 mit
340 1551 426 1582 'nein
450 1552 548 1583 rüder
571 1560 631 1583 aus
655 1551 713 1583 der
738 1550 831 1590 pfote
856 1551 913 1582 des
936 1550 1057 1589 bibers,

254 1611 313 1643 mit
340 1611 408 1642 ’ner
431 1611 649 1650 bootsstange
673 1619 733 1642 aus
758 1611 832 1642 dem
857 1611 1010 1642 schwänz
1033 1612 1090 1643 des
1114 1610 1299 1644 eichhorns.

255 1670 348 1702 Beim
371 1670 481 1702 hohen
505 1670 577 1702 ufcr
604 1670 645 1710 [d.
665 1670 696 1701 h.
722 1671 808 1708 dort,
834 1678 884 1701 wo
908 1679 941 1702 es
965 1669 1025 1701 tief
1047 1670 1102 1709 ist]
1130 1670 1244 1702 rudert
1268 1671 1324 1709 sie,

254 1730 304 1761 bei
340 1730 397 1762 der
429 1728 555 1762 untiefe
591 1731 633 1769 [d.
654 1730 683 1762 h.
710 1730 797 1767 dort,
822 1739 871 1761 wo
896 1738 929 1761 es
953 1730 1057 1762 seicht
1080 1730 1135 1770 ist]
1162 1732 1265 1762 stösst
1288 1731 1334 1763 sie
1360 1732 1432 1772 [das

663 1791 757 1828 boot]
783 1789 846 1821 mit
870 1790 928 1822 der
950 1792 1067 1830 stange
1091 1793 1279 1822 vorwärts.»

256 1893 317 1924 Ein
350 1893 446 1925 fuchs
474 1893 606 1925 kommt
633 1893 685 1924 ihr
714 1895 891 1933 entgegen:
921 1893 1040 1931 »Maus,
1065 1893 1152 1925 mein
1177 1894 1432 1933 schwesterlein,

148 1962 209 1993 gar
238 1953 340 1984 schön
365 1952 469 1992 singst
494 1953 553 1984 du!
601 1953 748 1984 Nimmst
772 1954 817 1984 du
841 1953 930 1984 mich
954 1953 1046 1985 nicht
1069 1953 1170 1986 mit?»
1214 1955 1288 1986 »Ich
1311 1955 1433 1987 nähme

151 2014 226 2045 dich
251 2013 349 2051 wohl,
374 2014 453 2045 aber
476 2013 563 2045 mein
588 2014 670 2045 boot
694 2013 737 2045 ist
761 2021 819 2053 gar
842 2022 877 2044 so
901 2013 1017 2045 klein.»
1050 2014 1123 2046 »Ich
1147 2014 1217 2054 lege
1240 2024 1303 2046 nur
1325 2014 1434 2048 meine

150 2072 259 2104 kleine
292 2073 384 2112 pfote
422 2073 483 2113 |ins
520 2073 645 2112 boot]!»
692 2074 757 2104 Der
789 2073 884 2105 fuchs
913 2076 1000 2105 setzt
1030 2074 1098 2106 sich
1133 2074 1194 2113 [ins
1217 2076 1323 2114 boot].
1374 2076 1434 2107 Die

150 2140 248 2164 maus
272 2132 409 2172 beginnt
433 2132 554 2164 wieder
577 2142 616 2164 zu
640 2133 765 2172 singen.
804 2134 870 2164 Der
892 2134 988 2165 fuchs
1011 2134 1133 2166 schläft
1157 2134 1219 2166 ein.
1257 2134 1318 2166 Die
1338 2144 1434 2167 maus

152 2192 247 2224 reisst
280 2192 349 2223 ihm
386 2193 448 2224 den
483 2192 566 2232 köpf
598 2194 639 2224 ab
674 2194 742 2224 und
772 2193 860 2224 wirft
888 2193 955 2232 [ihn
980 2194 1094 2234 selbst]
1121 2194 1171 2225 ins
1194 2203 1325 2226 wasser.
1374 2195 1434 2226 Die

152 2260 248 2284 maus
282 2253 421 2292 beginnt
456 2252 575 2285 wieder
609 2252 641 2284 in
677 2253 851 2285 derselben
886 2253 983 2285 weise
1017 2263 1056 2285 zu
1090 2254 1215 2294 singen.
1264 2254 1326 2285 Ein
1356 2254 1434 2287 hase

152 2312 299 2344 kommt:
324 2312 444 2351 »Maus,
470 2312 556 2344 mein
580 2312 836 2352 schwesterlein,
859 2322 918 2353 gar
940 2313 1044 2345 schön
1069 2313 1173 2353 singst
1189 2315 1250 2346 du!
1287 2314 1435 2346 Nimmst

152 2371 198 2403 du
227 2371 316 2404 mich
346 2371 438 2404 nicht
461 2371 562 2404 mit?»
607 2373 680 2405 »Ich
705 2372 827 2405 nähme
852 2373 928 2405 dich
950 2373 1047 2412 wohl,
1072 2375 1152 2406 aber
1173 2374 1263 2406 mein
1285 2375 1367 2406 boot
1392 2374 1435 2406 ist

152 2440 212 2471 gar
235 2440 271 2464 so
294 2432 410 2464 klein.»
456 2433 522 2464 Der
544 2433 623 2464 hase
646 2435 733 2465 setzt
757 2433 836 2466 sich.
885 2434 945 2465 Die
968 2443 1064 2465 maus
1087 2434 1176 2475 singt
1200 2434 1328 2467 wieder.
1370 2435 1437 2467 Der

1316 2512 1332 2537 3
