1802 2962
698 286 891 316 — 317 —
577 379 1028 419 {rot̕ś latka ti̮r vi̮i̭ si̮vdis;}
577 438 901 478 {kiśśis, kań ńulis,}
515 499 864 532 {10. starik loktis —}
578 560 860 600 {kańse̮ džage̮dis.}
579 620 859 660 {til̕ l̕ol̕ juś orde̮}
578 680 989 722 {pi̮rali, juś kol̕k śoji!»}
776 814 824 841 17.
525 889 1066 929 {zonme̮i̭, zonme̮i̭, mi̮i̭ gorzan?}
528 948 971 988 {t̕śas saji̮n mami̮d lokte̮,}
522 1008 1050 1047 {rot̕ś kaśńik ti̮r vi̮i̭ si̮vde̮ma,}
526 1069 1052 1110 {komi kašńik ti̮r rok pue̮ma}
475 1129 879 1166 {5. e̮tare̮ ke̮ vi₍d̕źe̮dlan:}
529 1189 830 1230 {ki̮a pete̮, viže̮de̮,}
528 1250 922 1290 {me̮dare̮ ke̮ vi₍d̕źe̮dlan:}
529 1310 889 1351 {šondi̮ pete̮, ge̮rde̮de̮,}
326 1438 1216 1478 eine russische pfanne schmolz sie voll butter;
327 1497 1335 1540 sie goss [es] auf die erde, die katze leckte [es] auf,
266 1559 642 1591 10. der alte kam —
328 1619 754 1657 die katze erwürgte re.
328 1678 831 1712 t̕il̕ l̕ol̕\i, zu einem schwane
330 1736 1259 1779 ging ich hinein, des schwanes ei verzehrte ich.»
1104 1797 1344 1838 (Ust̕sysol̕sk.)
784 1888 832 1916 17.
331 1960 1116 1999 Mein sohn, mein sohn, was schreist du?
334 2020 1112 2053 Nach einer stunde kommt deine mutter
333 2080 1362 2120 mit einem russischen topf voll geschmolzener butter,
333 2139 1298 2180 mit einem syrjänischen topf voll gekochten breis.
285 2199 1104 2233 5. Wenn nach der einen seite du schaust:
335 2259 1159 2301 der morgen graut und schimmert gelblich,
332 2320 1121 2353 wenn nach der andern seite du schaust:
334 2379 1007 2421 die sonne geht auf und rötet sich,
306 2492 1042 2531 Versinnbildlicht das klopfen an der türe.
