1807 2961
686 284 870 314 — 147 —
268 378 1197 418 9. d̕źol̕a d̕źol̕a it̕ś-moń, bi̮denes paśtedɛ. — jḙm.}
248 438 1171 479 {10. ge̮rd kudi̮n ge̮rd ložka. — bija šo̭m pa₍t̕śi̮n.}
249 499 1251 540 11. gid-ti̮ri̮s ìž, a be̮ži̮s e̮t̕ik. — pa₍t̕śi̮n ńa̭ń da zi̮r.}
250 559 1426 601 {12. jagɛ munɛ — ńa̭ń-tupeś le̮dɛ, gortɛ vo̭ɛ — ńa̭ń-tupeś le̮dɛ.}
144 621 345 654 {— ko̭k-tui̭.}
251 680 1253 721 {13. ke̮rebi̮s zèi̭ śè̮d, pe̮dani̮s zèi̭ je₍dži̮d. — mu, li̮m.}
255 739 1363 781 {14. ki-pi̮desad śè̮d, śè̮d še̮ras rùź, rùź še̮ras ki̮. — to̭man,}
253 800 1042 841 {15. ki̮k-pḙl̕a, ńol̕-ko̭ka, ńol̕-jia. — le̮kań.}
253 860 1077 901 {16. kuš-jur śujis ge̮na ruźɛ. — kḙpi̮śa̭śem.}
253 920 1151 961 {17. ńin po̭s ńti bai̭di̮k voi̭lɛ. — pi̮ź pò̭žnalem.}
254 979 1360 1022 {18. pe̮ri̮ś pe̮ri̮ś baba, ńḙmsɛ de̮masen de̮mśɛ. — pi̮śan-gòr.}
254 1041 839 1082 {19. po̭s uli̮n va kukań. — ki̮.}
253 1171 1435 1211 9. Eine kleine, kleine schwiegertochter, kleidet alle an. —
153 1231 346 1264 Die nadel.
256 1290 1434 1323 10. In einem roten korbe rote löffel. — Glühende kohle
152 1350 308 1382 im ofen.
258 1411 1433 1449 11. Ein viehhof voller schafe, aber nur ein schwanz. — Die
152 1471 851 1504 brote im ofen und die brotschaufel.
259 1531 1434 1572 12. In den wald geht es — runde brote wirft es, nach hause
152 1591 1433 1632 kommt es — runde brote wirft es. — Die spuren des fusses [im
152 1652 297 1690 schnee].
259 1711 1436 1749 13. Der korb ist sehr schwarz, der deckel ist sehr weiss. —
154 1771 676 1811 Die erde [und] der schnee.
260 1830 1436 1871 14. Auf der handfläche ein schwarzer [fleck], in der mitte
154 1890 1437 1930 des schwarzen [fleckes] ein loch, in der mitte des loches eine
155 1951 590 1990 zunge. — Das schloss.
262 2010 1438 2051 15. [Es hat] zwei ohren, vier füsse, vier gürtel. — Die
156 2070 424 2102 waschschüssel.
260 2131 1438 2171 16. Ein kahlkopf tauchte in ein zottiges loch hinein. — Das
155 2190 759 2223 anziehen des fausthandschuhes.
262 2251 1440 2284 17. Unter einer bastbrücke läuft ein schneehuhn. — Das
156 2311 490 2343 sieben des mehls.
263 2370 1440 2412 18. Ein altes, altes weib flickt [ihre kleider] ihr ganzes
156 2430 844 2470 leben lang. — Der badestubenofen.
264 2489 1308 2531 19. Unter der diele ein feuchtes kalb. — Die zunge.
