1796 2933
782 235 886 264 79 —
516 326 966 368 {pes-dod̕ja d̕a̭d̕e̮e̮s ńi̮li̮šti,}
516 386 986 428 {kraž-dod̕ja d̕a̭d̕e̮e̮s ńi̮li̮šti,}
514 447 1007 488 {i₍d̕źas-dod̕ja d̕a̭d̕e̮e̮s ńi̮li̮šti,}
514 508 857 547 {me i tene̮ ńi̮li̮šta!»}
155 608 1441 653 {seśśa sije̮ ńi̮li̮štas. munas i si̮li̮ pani̮d loe̮ ker-dod̕ja d̕a̭d̕e̮. sije̮}
155 670 1441 714 {šuas: »d̕a̭d̕uška, dod̕ vi̮lad pukśa da mi̮i̭-ke̮ śi̮la.» »śi̮v, kužan-ke̮!»}
156 732 563 774 {sije̮ bara śi̮vni̮ kutas:}
514 825 937 866 {»t̕śe̮rsa tupi̮l̕ae̮s ńi̮li̮šti,}
513 884 925 925 {rektana babae̮s ńi̮li̮šti,}
514 944 880 986 {t̕śera d̕a̭d̕e̮e̮s ńi̮li̮šti,}
514 1005 964 1047 {pes-dod̕ja d̕a̭d̕e̮e̮s ńi̮li̮šti,}
514 1064 990 1105 {kraž-dod̕ja d̕a̭d̕e̮e̮s ńi̮li̮šti,}
516 1124 1010 1165 {i₍d̕źas-dod̕ja d̕a̭d̕e̮e̮s ńi̮li̮šti,}
516 1183 1010 1224 {turun-dod̕ja d̕a̭d̕e̮e̮s ńi̮li̮šti,}
513 1244 862 1283 {me i tene̮ ńi̮li̮šta!»}
208 1398 1360 1438 einen mann samt seiner fuhre scheite hab' ich verschlungen,
206 1458 1359 1498 einen mann samt seiner fuhre klötze hab' ich verschlungen,
206 1519 1357 1559 einen mann samt seiner fuhre stroh hab' ich verschlungen,
209 1580 945 1621 [und nun] verschlinge ich auch dich!»
259 1681 1439 1723 Darauf verschlingt es [ihn]. Es zieht weiter, und ihm entge-
155 1742 1440 1784 gen kommt ein mann mit einer fuhre balken. Es sagt: »Lieber
156 1802 1437 1843 onkel, in deinen schlitten setze ich mich und singe etwas!» »Singe,
154 1861 1259 1904 wenn du [es] kannst!» Es beginnt wiederum zu singen:
208 1964 1220 2006 »Die spindel und den knäuel hab' ich verschlungen,
206 2024 1060 2064 die alte samt haspel hab' ich verschlungen,
207 2083 1118 2123 den alten samt der azt hab' ich verschlungen,
207 2142 1361 2184 einen mann samt seiner fuhre scheite hab' ich verschlungen,
207 2203 1355 2244 einen mann samt seiner fuhre klötze hab' ich verschlungen,
207 2263 1354 2304 einen mann samt seiner fuhre stroh hab' ich verschlungen.
206 2324 1334 2364 einen mann samt seiner fuhre heu hab' ich verschlungen,
208 2385 943 2425 [und nun] verschlinge ich auch dich!»
