1793 2942
697 267 889 296 — 267 —
359 356 878 398 {00. jugi̮d šondie̮i̭, bat̕uškoe̮i̭,}
422 417 1010 456 {gaśke̮ meni̮m te dine̮ lokni̮ love̮}
422 477 864 519 {sinma bannas sulavni̮s;}
420 538 1158 579 {en že̮ bara te mene̮ tod-mi̮ške̮di̮s toi̭lav!}
420 598 1305 643 {śibe̮d že̮ śibe̮d as ni̮v pi̮d̕ji da as t̕śḙl̕ad̕ pi̮d̕ji!}
360 659 1164 700 {65. gaške̮ meni̮m love̮ tši̮g ki̮ne̮mnas lokni̮;}
420 720 1036 756 {śet že̮ śet te meni̮m ńa̭ń-kuse̮kte̮!}
421 777 743 817 {je̮z kori̮śli̮ en śet,}
422 839 820 871 {meni̮m as kori̮śli̮ śet!}
421 898 781 938 {paśibe̮ da pome̮žibe̮}
357 957 679 996 {10. bi̮dte̮mi̮d vi̮le̮!}
760 1116 829 1144 1 e.
369 1196 998 1237 {jugi̮d šondie̮i̭, t̕śe̮ski̮d-je̮la mame̮i̭!}
372 1256 992 1295 {eta vi̮le̮ e̮me̮i̭ te ńḙl̕a·mi̮n ńe̮d̕ḙl̕se̮}
152 1394 1002 1435 50. Mein helles sönnchen, mein lieber vater,
216 1454 1253 1494 vielleicht muss ich noch einmal zu dir zurückkehren,
217 1515 1270 1556 demütig [eig.: mit augen und gesicht] vor dir stehen;
217 1575 1089 1609 stosse mich dann nicht beim nacken hinaus!
217 1635 1435 1677 Lass mich [dann] als deine eigne tochter, als dein eigen kind
974 1697 1103 1728 zu dir!
152 1755 1370 1797 65. Vielleicht muss ich noch einmal hungrig [zu dir] kommen;
216 1814 1076 1856 gib mir [dann], gib mir ein stückchen brot!
218 1876 1196 1916 Fremden bettlern gib [dein stückchen brot] nicht,
217 1935 863 1976 gib es mir, der eigenen bettlerin!
219 1995 781 2034 Dank, vielen dank dir dafür,
153 2055 754 2096 70. dass du mich erzogen hast!
760 2214 827 2242 1 e.
660 2288 926 2317 An die mutter.
218 2371 1268 2412 Mein helles sönnchen, mein süssmilchiges mütterchen!
219 2431 930 2472 Darum hast du mich vierzig wochen
