1812 2948
917 265 1088 294 — S6 —
356 357 1643 400 {jukme̮s-tui̭ vi̮las. mami̮s vala let̕t̕śigas let̕śkas šede̮. dureń kote̮rtis da}
358 418 1642 461 {mamse̮ t̕śer-ti̮ške̮n kut̕śkis. sije̮ kuli. vokjasi̮s zev jona dureńe̮s vide̮ni̮.}
358 479 1644 523 {sije̮ šue̮: »mam tše̮ktis pukti̮ni let̕śse̮!» mamse̮ dureń pukśe̮dis dod̕d̕e̮,}
359 539 1646 583 {kias śetis bukva-t̕śe̮lan da nuni̮ kutis kare̮. dureń tui̭ vi̮las pani̮daśis}
358 600 1646 643 {kupet̕ś te̮var-dod̕d̕a-ke̮d. kupet̕ś ez kež, a putki̮l̕tis dureńli̮ś dod̕se̮, i}
357 660 1646 696 {mami̮s uśi. dureń kutis be̮rdni̮ i šuis: te meńt̕śi̮m mame̮s viin!»}
359 720 1645 762 {kupet̕ś povźis i dureńli̮ śetis te̮var-dod̕se̮. dureń gortas munis i vok-}
357 781 1643 824 {jasi̮sli̮ viśtalis: »mem te̮var-dod̕ śetisni̮ mam pi̮d̕d̕i. vie̮i̭ babajaste̮,}
358 842 1645 885 {da let̕t̕śe̮de̮i̭ vuzavni̮ i šuale̮i̭: »kodli̮ kole̮ pokońt̕śa?» vokjas babajase̮s}
355 902 1645 946 {viisni̮, let̕t̕śe̮disni̮ vuzavni̮ i kutisni̮ gorzi̮ni̮: »kodli̮ kole̮ pokońt̕śa?»}
355 963 1644 1003 {je̮z kutisni̮ vidni̮: »babai̮d-ke̮ kule̮, kole̮ d̕źebni̮, oz kov vuzavni̮!ɛ i}
357 1023 1644 1065 {naje̮ ve̮tlisni̮ dureńli̮ś vokjasse̮. gorte̮ voe̮m-mi̮śt vokjas kutisni̮ dureńe̮s}
357 1083 1336 1126 {vi̮dni̮. sije̮ šue̮: »ti ve̮d e̮dje̮ gorzid, kole̮ ve̮li ńe̮žje!»}
360 1216 1643 1257 weg zum brunnen. Als die mutter wasser holen will, gerät sie
357 1277 1644 1318 in die schlinge. Der einfältige kam schnell herbei und schlug
356 1337 1642 1378 seine mutter mit dem aztrücken. Sie starb. Die brüder schimpfen
357 1396 1642 1438 den einfältigen gehörig aus. Er sagt: »Die mutter hiess [mich] eine
357 1456 1641 1497 schlinge stellen!» Der einfältige setzte seine mutter in einen
356 1516 1640 1557 schlitten, stecke in ihre hand eine kohlrübenscheibe und begann
358 1576 1640 1617 sie in die stadt zu fahren. Der einfältige traf auf dem wege einen
355 1636 1640 1670 kaufmann mit einer fuhre waren. Der kaufmann lenkte nicht
356 1696 1641 1737 zur seite, sondern warf den schlitten des einfältigen um, und die
356 1757 1639 1799 mutter fiel [aus dem schlitten]. Der einfältige fing an zu weinen
356 1817 1640 1858 und sagte: »Du hast meine mutter umgebracht!» Der kaufmann
355 1877 1640 1917 erschrak und gab dem einfältigen seine fuhre waren. Der einfäl-
355 1936 1641 1977 tige ging nachhause und erzählte seinen brüdern: »Sie haben mir
355 1996 1640 2038 für die mutter eine fuhre waren gegeben. Bringt eure frauen um
356 2057 1638 2098 und geht sie zu verkaufen und sagt: »Wer braucht tote?» Die brü-
358 2117 1639 2158 der schlugen ihre frauen tot, gingen hin um sie zu verkaufen und
356 2176 1639 2218 fingen an zu rufen: »Wer braucht tote?» Die leute begannen sie
356 2238 1638 2277 zu schelten : »Wenn deine frau stirbt, so soll sie begraben werden,
354 2297 1639 2337 verkaufen darf man [sie] nicht!» Und sie jagten die brüder des
355 2356 1638 2398 einfältigen weg. Zuhause angelangt begannen die brüder den ein-
355 2416 1639 2457 fältigen auszuschimpfen. Er sagt: »lhr rieft ja so laut, hättet es
353 2476 773 2516 leise [sagen] müssen!»
