1818 2955
924 261 1078 289 — 4 —
986 393 1035 422 15.
767 475 1255 509 {śe̮ki̮r da bel̕a-ruma}
469 570 1656 611 {važe̮n olis vi̮lis śe̮ki̮r da bel̕a-ruma. śe̮ki̮re̮s nat̕śki̮ni̮ pud uśe̮ma}
366 629 1657 671 {bel̕a-rumake̮d še̮rje̮n. kvat̕it̕t̕śisni̮ da purti̮s abu  »mun že̮}
367 691 1656 731 {vetli̮ t̕śad orde̮ purtla śe̮ki̮re̮s nat̕śki̮ni̮, śe̮ki̮re̮s vundavni̮, bel̕a-ruma-}
367 750 1390 792 {ke̮d še̮rje̮n!» t̕śad orde̮ kote̮rtis da kote̮rtis da kote̮rtis:}
778 854 1043 894 {»t̕śade̮i̭, t̕śade̮i̭,}
778 918 1007 956 {vai̭ te̮ purtte̮}
777 977 1081 1017 {śe̮ki̮re̮s nat̕śki̮ni̮,}
775 1038 1099 1076 {śe̮ki̮re̮s vundavni̮,}
778 1097 1176 1139 {bel̕a-rumake̮d še̮rje̮n!»}
984 1274 1034 1303 15.
584 1356 1432 1390 Der wallach und der »bel̕a-ruma»,}
470 1459 1652 1493 Es lebten vorzeiten ein wallach und der »bet̕a-ruma»1\. Es
364 1520 1651 1561 wurde durch das los bestimmt, der wallach solle geschlachtet wer-
364 1580 1650 1621 den, sodass der »bel̕a-ruma» die eine hälfte [des fleisches] erhalte.
365 1640 1649 1681 Man ging ans werk, aber es war kein messer da — »Geh doch,
364 1700 1650 1741 begib dich zum »t̕śad»\1\, hole sein messer, um den wallach zu
363 1761 1653 1800 schlachten, um den wallach zu zerschneiden, sodass der »bel̕a-ruma»}
363 1820 1649 1861 die eine hälfte bekomme!» Er [der »bel̕a-ruma»] lief, lief und lief
364 1881 581 1912 zum »t̕śad»:}
519 1975 1008 2014 »Mein »t̕śad», mein »t̕śad»,
516 2035 939 2075 gib doch dein messer,
517 2095 1118 2134 um den wallach zu schlachten,
517 2156 1159 2196 um den wallach zu zerschneiden,
516 2216 1481 2249 sodass der »bel̕a-ruma» die eine hälfte bekomme!»
464 2372 1648 2412 \1\ Bedeutung unbekannt. Zum {t̕śad vgl. t̕śag-purt kienspan-
361 2422 823 2460 messer' im folg. märchen.
