1818 2957
991 265 1092 293 12 —
367 356 1654 398 {i šuas: »d̕ede̮, d̕ede̮, vate̮ e̮d ke̮sje̮ni̮ kośti̮ni̮!» d̕ed i šuas: »mun,}
368 417 1656 458 {vi̮śtav, mi̮i̭ta pe̮ d̕ḙńga kole̮, śetam, med oz kośti̮ vase̮.» vasa-pi}
368 477 1655 518 {si₍d̕źik i šuas. zonmi̮s i šuas: »šań!» pe̮. seśśa vasa-pi koras šl̕a-}
367 537 1654 579 {pase̮ zonli̮ś. sije̮ šl̕apase̮ roźe̮das, guśe̮ńike̮n le̮śe̮das šl̕apa ulas meše̮k}
368 597 1653 639 {i tše̮ktas vasa-pie̮s le̮dni̮. vasa-pi šl̕apae̮ d̕ḙńga le̮das meše̮k da šlapa}
369 660 491 691 {ti̮rte̮d̕ź.}
471 718 1654 759 {seśśa naje̮ munni̮ kutasni̮ va-dor pe̮le̮n. munasni̮ da munasni̮,}
368 778 1656 820 {voas ri̮ni̮š. vasa-pi jualas zonli̮ś: »taje̮ ne̮ mi̮i̭?» zonmi̮s šuas: »taje̮}
368 839 1653 880 {meam d̕ede̮i̭le̮n važ šl̕apai̮s.» vasa-pi šuas: »taje̮ ne̮ loe̮ meni̮m šl̕a-}
367 899 1549 941 {paavni̮?» »d̕ert» pe̮ »loe!» zonmi̮s šuas. vasa-pii̮d šapkaalas.}
472 960 1657 1000 {bara munasni̮ da munasni̮, voas iz-ki. vasa-pi šuas: »taje̮ ne̮}
366 1019 1657 1061 {mi̮i̭?» »taje̮» pe̮ »važ d̕edjasle̮n śike̮tš mol̕ji̮s.» »taje̮ ne̮ meni̮m loe̮}
368 1080 1354 1122 {že̮ śike̮₍tšavni̮?» »d̕ert» pe̮ »loe̮!» vasa-pi śike̮₍tšalas.}
368 1212 1655 1252 zutrocknen.» Der sohn des wassergeistes geht zu seinem gross-
367 1272 1655 1312 vater und sagt: »Grossvater, grossvater, sie wollen ja deinen fluss
369 1333 1654 1374 austrocknen!» Der grossvater sagt: »Geh hin, sage, wir gäben
368 1392 1654 1433 soviel geld, wie sie verlangen, wenn sie nur den fluss nicht aus-
369 1453 1655 1493 trocknen.» Der sohn des wassergeistes sagt es auch. Der bursche
368 1512 1657 1553 sagt: »Gut!» Dann bittet der sohn des wassergeistes den knaben
368 1572 1654 1613 um seinen hut. Dieser aber macht ein loch in seinen hut, bringt
366 1632 1653 1665 heimlich unter den hut einen sack und heisst den sohn des wasser-
367 1693 1654 1733 geistes [das geld in den hut] schütten. Der sohn des wassergeistes
368 1753 1651 1793 schüttet soviel geld in den hut, dass sack und hut voll werden.
473 1813 1655 1854 Dann begannen sie das flussufer entlang zu wandern. Sie
368 1873 1656 1915 wandern und wandern und kommen zu einer riege. Der sohn des
368 1933 1654 1974 wassergeistes fragt den burschen: »Was ist denn dies?» Der bur-
368 1993 1655 2033 sche sagt: »Das ist meines grossvaters alter hut.» Der sohn des
368 2053 1654 2095 wassergeistes sagt: »Soll ich mir den auf den kopf setzen?» »Na-
367 2113 1654 2154 türlich!» sagt der bursche. Der sohn des wassergeistes setzt ihn
367 2173 723 2212 sich auf den kopf.
470 2232 1653 2272 Wieder wandern sie dahin, wandern und treffen auf einen
367 2293 1656 2335 mühlstein. Der sohn des wassergeistes sagt: »Was ist denn dies?»
367 2352 1654 2393 »Dies ist eine perle aus der perlenschnur meiner vorfahren.» »Soll
366 2412 1655 2455 ich sie mir denn an den hals hängen?» »Natürlich!» Der sohn des
367 2473 1162 2514 wassergeistes hängt sie sich an den hals.
