1796 2946
700 272 893 302 — 217 —
425 364 944 406 {gi̮ri̮ś ni̮vjasle̮n, mai̭bi̮rjasle̮n}
425 424 938 466 {muži̮kjasi̮s vuzavni̮ nuisni̮;}
424 485 964 524 {menam starik, menam starik}
428 545 674 578 tše̮tš že̮ nuis.}
361 656 956 698 {25. gi̮ri̮ś ni̮vjasle̮n, mai̭bi̮rjasle̮n}
424 716 1154 757 {muži̮kjasi̮s kujim-śo šai̭ti̮ś vuzale̮mae̮ś;}
424 777 964 813 {menam starik, menam starik}
424 836 806 871 {e̮t̕ik šai̭ti̮ś vuzale̮ma.}
424 947 858 988 {gi̮ri̮ś ni̮vjas, mai̭bi̮rjas,}
361 1008 699 1046 {30. kre̮vat̕ ńe̮bisni̮,}
424 1067 984 1107 {me i₍t̕śe̮t mort, me d̕źe̮l̕a mort}
423 1127 688 1168 {šot̕ś pož bośti.}
424 1237 844 1278 {gi̮ri̮ś ni̮vjas, mai̭bi̮rjas}
426 1297 786 1336 {kre̮vat̕ vi̮le̮ vodisni̮;}
360 1358 978 1396 35. me i₍t̕śe̮t mort, me d̕źe̮l̕a mort}
324 1495 1073 1535 Der grossen mädchen, der glücklichen,
321 1556 1177 1598 männer führten [ihre waren] zum verkaufe;
322 1615 1002 1655 mein alter mann, mein alter mann
322 1675 1117 1715 führte [die seinen] auch zu gleicher zeit.
259 1777 1071 1818 25. Der grossen mädchen, der glücklichen,
322 1837 1363 1875 männer verkauften ihre waren für dreihundert rubel;
322 1896 999 1936 mein alter mann, mein alter mann
322 1958 924 1998 verkaufte [sie] für einen rubel.
323 2060 1060 2103 Die grossen mädchen, die glücklichen,
258 2121 821 2161 30. kauften [sich] betten ein;
322 2180 1108 2222 ich kleiner mensch, ich winziger mensch
322 2240 1028 2281 nahm mir [als bett] ein grobes sieb.
324 2343 1062 2384 Die grossen mädchen, die glücklichen,
321 2403 1049 2443 legten sich in das bett zum schlafen;
258 2464 1108 2504 35. ich kleiner mensch, ich winziger mensch
