1809 2950
683 267 875 296 — 179 —
240 361 290 389 34.
338 357 850 399 {ke̮t̕ś kod̕ pel̕k, me̮s kod̕ je̮i̭.}
241 421 291 450 35.
338 417 740 451 {kiśte̮m vate̮ on kuri̮št.}
242 481 292 510 36.
339 478 844 520 {ki̮ki̮ś pomśa gože̮m oz ovli̮.}
240 541 291 570 37.
339 538 1040 579 {ki̮k ponje̮s e̮t̕ik ši̮d-gi̮rńi₍t̕śiś on verd.}
243 602 292 631 38.
339 598 826 639 {ki̮ne̮m pe̮t, mi̮šku ne̮i̭tte̮m.}
244 662 293 691 39.
340 658 684 700 {ki̮ne̮mte̮ on pe̮rjav.}
243 722 293 750 40.
340 719 879 751 {ki̮rni̮š ki̮rni̮šli̮ śin oz koki̮št.}
243 783 294 810 41.
342 778 1070 819 {ki̮ti ge̮na, seti i dona, ki̮ti ge̮nte̮m, seti}
1093 779 1262 812 {i donte̮m.}
244 842 294 870 42.
340 838 808 879 {ki̮ti jemi̮s, seti i suńisi̮s.}
244 903 293 931 43.
341 898 779 940 {ki̮ti ve̮sńi, seti i orja̭śe̮.}
245 964 295 991 44.
342 959 822 998 {ki̮t̕t̕śe̮ e̮t̕i i̮ž, set̕t̕śe̮ stavi̮s.}
245 1023 295 1052 45.
342 1019 1067 1059 {ki̮t̕t̕śe̮ śure̮ en mi̮t̕t̕śi̮ś, vomtḙ vośse̮n en}
1089 1020 1176 1053 vi̮d̕ź!}
246 1083 295 1111 46.
343 1079 1064 1120 {kodi vi₍d̕źe̮dni̮ ram, pi̮de̮₍dži̮k puri̮štas.}
246 1143 296 1171 47.
345 1139 766 1180 {kol̕k t̕śipane̮s oz vele̮d.}
249 1276 1183 1315 34. Behend wie ein hase, dumm wie eine kuh.
248 1336 1263 1377 35. Vergossenes wasser fängst du nicht [mehr] auf.
249 1397 1213 1437 36. Es ist nicht in einem zuge zweimal sommer.
248 1455 1371 1497 37. Du fütterst nicht zwei hunde aus einem suppentopf.
249 1517 1428 1557 38. Der bauch ist satt, der rücken ungeschlagen [d. h. du
145 1576 986 1617 kannst also mit deinem los zufrieden sein].
249 1636 1427 1677 39. Deinen bauch wirst du nicht betrügen [d. h, er verlangt,
147 1695 1427 1736 was er nötig hat und begnügt sich nicht z. b, mit branntwein und
146 1755 370 1796 thee allein].
251 1814 1426 1855 40. Ein rabe hackt einem anderen raben das auge nicht aus.
251 1875 1428 1916 41. Wo es haarig (od.: wollig) ist, da ist es auch teuer, wo
149 1934 1428 1978 es haarlos (wollenlos) ist, da ist es auch billig [d. h. die gute ware
149 1996 728 2036 ist teuer, die schlechte billig].
252 2055 1310 2094 42. Wo die nadel hin ist, da ist auch der faden hin.
253 2116 933 2154 43. Wo es dünn ist, da bricht es.
253 2173 1430 2216 44. Wo ein schaf hin[geht], dahin [gehen auch] alle anderen.
254 2234 1432 2275 45. Mische dich nicht in jede sache, welche es auch sei,
151 2295 728 2328 halte deinen mund nicht auf!
255 2354 1060 2393 46. Wer fromm scheint, beisst tiefer zu.
255 2416 920 2449 47. Das ei lehrt nicht die henne.
