1817 2953
730 261 902 289 — 31 —
790 381 839 410 26.
652 466 986 499 {ni̮v da it̕ś-iń}
277 563 1458 606 {važe̮n olis vi̮lis pe̮ri̮ś gozja. nale̮n ve̮li ki̮k ni̮v da e̮t̕i pi. ge̮-}
173 623 1458 665 {ti̮ri̮s kuli. seśa sije̮ pe̮ri̮ś ge̮traśis. it̕ś-ińi̮s seśa i̮stas ni̮vse̮ kit̕t̕śe̮}
172 684 1454 724 {vi̮las taśti̮-pań mi̮śkavni̮, da seśa kit̕t̕śe̮se̮ jignalas. seśa ni̮li̮s šuas:}
584 775 900 816 {»it̕ś-ińe̮i̭, it̕ś-ińe̮i̭,}
582 837 846 876 {vośti̮ te̮, vośti̮!}
584 895 977 936 {gumja-ni̮ra kai̭ lokte̮,}
584 956 951 997 {tabja-koka ši̮r lokte̮,}
581 1015 986 1055 {sti̮n saji̮n ke̮i̭in lokte̮,}
581 1075 923 1115 {mene̮ śoi̭ni̮ ke̮sje!»}
170 1169 705 1212 {it̕ś-ińi̮s ez vośti̮. šuis ni̮li̮s:}
581 1265 811 1303 {»bat̕e̮i̭, bat̕e̮i̭,}
787 1433 837 1460 26.
369 1512 1255 1547 Das mädchen und die stiefmutter.
275 1606 1453 1640 Es war einmal ein alter mann und eine frau. Sie hatten
170 1667 1452 1702 zwei töchter und einen sohn. Die alte starb. Darauf verheiratete
171 1725 1452 1768 sich der alte [von neuem]. Die stiefmutter schickt dann ihre toch-
171 1787 1453 1826 ter in den erker um tassen und löffel zu waschen, schliesst aber
171 1847 1061 1887 dann die haustür zu. Da sagt das mädchen:
426 1941 905 1980 »Stiefmutter, stiefmutter,
426 2000 944 2040 mach doch auf, mach auf!
429 2061 1188 2102 Ein krummgeschnäbelter vogel kommt,
426 2120 1040 2161 eine schiefbeinige maus kommt,
426 2179 1168 2218 hinterm zaune kommt ein wolf heran,
426 2240 863 2273 der will mich fressen!»
275 2333 1280 2372 Die stiefmutter öffnete nicht. Das mädchen sagte:
425 2427 1072 2467 »Mein väterchen, mein väterchen,
1331 2503 1346 2528 6
