1815 2953
707 248 900 276 — 111 —
160 341 1446 382 {śḙśśa śedun šuis: »so₍t̕śe̮, so₍t̕śe̮, mene̮ i̮llae̮ petke̮dle̮ sitaśni̮!» śḙśśa}
160 401 1446 443 {petisni̮ ki̮k ni̮l da śedun. a śeduni̮s šuas: »ni̮ljas, ni̮ljas, este̮ni ve̮d}
159 461 1445 503 {ve̮li ke̮rt-pińa!» śḙśśa dod̕das pukśisni̮ i munasni̮ nija. loktasni̮ gor-}
161 521 1445 563 {tas i ve̮ljasse̮ le₍d̕źalasni̮ i je̮rtasni̮ kartaas. pi̮rasni̮ gortas ki̮k ni̮l}
160 582 1444 624 {da śedun. nijale̮n ve̮li pon. zel pondis uti̮ni̮. nija ki̮k ni̮l zel}
158 642 1443 685 {jona krestallasni̮ e̮₍d̕źe̮sjasse̮, a aśni̮s pi̮rasni̮ sarai̭ e̮₍d̕źe̮stii̮s. ke̮rt-}
160 703 1364 744 {pińa̭jasi̮s loktasni̮ nija kerka dine̮, a oz vermi̮ni̮ kerkaad pi̮rni̮.}
774 855 825 884 38.
690 929 914 967 {merkurii̭.}
260 1014 1444 1056 {važe̮n olis vi̮lis starik gozja. najajasle̮n ve̮li ki̮k pi, ivan i}
158 1074 1444 1115 {merkurii̭. starik gozja ve̮li ole̮ni̮ mu-t̕urmai̮n; pianli̮ ve̮li zel śe̮-}
159 1134 1444 1176 {ki̮d olni̮. e̮t̕t̕śi̮d starikjas ve̮li uźe̮ni̮, a merkurii̭ t̕śḙt̕t̕śis i petis}
160 1263 1440 1303 der lahme: »Meine schwesterchen, meine schwesterchen, führt mich
158 1324 1442 1365 hinaus zum abtritt!» Dann gingen die beiden mädchen und der
157 1384 1442 1423 lahme hinaus. Aber der lahme sagt: »Mädchen, mädchen, dort
161 1444 1440 1485 [drinnen] war ja ein eisenzahn [d. h. ein waldgeist]!» Da setzten
157 1504 1442 1544 sie sich in den schlitten und fahren weg. Sie gelangen nachhause
158 1563 1442 1605 und spannen die pferde aus und sperren [sie] in den viehstall. Die
158 1623 1442 1657 beiden mädchen und der lahme treten in die stube. Sie hatten
158 1683 1441 1725 einen hund. Heftig fing der an zu bellen. Die beiden mädchen
157 1744 1442 1784 zeichnen sehr viele kreuzeszeichen an die türe [von aussen] und
157 1803 1441 1845 gehen [darauf] durch die heubodentür [zurück] hinein. Die eisen-
158 1863 1440 1904 zähne kommen an ihr haus, können jedoch [der kreuzeszeichen
158 1925 963 1966 halber] nicht in die stube hineinkommen.
1151 1960 1338 2006 (Sugora.)
773 2056 824 2084 38.
668 2130 933 2163 Merkurius.
259 2208 1437 2242 Vor alters lebte einmal ein mann mit seiner frau. Sie hatten
157 2267 1440 2308 zwei söhne, lvan und Merkurius. Der mann wohnte mit seiner
157 2328 1440 2369 frau in einer erdgrube; die knaben hatten ein sehr schweres da-
156 2388 1437 2430 sein. Einmal schliefen gerade die alten, aber Merkurius stand
156 2448 1436 2490 auf und ging aus der grube heraus. Dann ging er in die stadt.
