1815 2943
719 262 890 290 — 13 —
266 352 1447 395 {munasni̮ da munasni̮, pińa voas. vasa-pi jualas: »taje̮ ne̮ mi̮i̭?»}
163 413 1304 457 {»taje̮» pe̮ »važ d̕edjasle̮n pernai̮s.» vasa-pi pińase̮ pernaalas.}
266 474 1447 516 {seśśa munasni̮ da munasni̮, ju voas. vasa-pi šuas: »tati ne̮}
162 534 1448 576 {me ki̮d̕ź vu₍dža?» ju vome̮n ve̮li pos. zonmi̮s šuas: »pos kuźai̮s}
167 595 1445 638 {vudž!» vasa-pi vudžni̮ kutas: e̮t̕ik pe̮v t̕śege̮ i vasa-pi uśe̮ i ve̮jas.}
164 657 976 699 {pińai̮d eśke̮ ki̮pe̮de̮, ri̮ni̮ši̮d da iz-kii̮d ve̮i̭te̮.}
268 716 1448 757 {zonmi̮s gortas munas. bat̕-mami̮s same̮i̭ ve̮li uźe̮ni̮. zonmi̮s}
164 776 1331 818 {pi̮ras gortas i d̕ḙńgase̮ kiśtas džodž še̮ras. i e̮ni ole̮ni̮ vi̮le̮ni̮.}
794 929 822 957 6.
624 1003 989 1043 {sar-pi da vasa,}
269 1088 1451 1128 {olisni̮ vi̮lisni̮ sar gozja. nale̮n ni̮v ńi pi ez ve̮v. e̮t̕t̕śi̮d sar
166 1148 1451 1188 {munas voi̭na vi̮le̮. munas da munas da gorši̮s kutas kośmi̮ni̮. sije̮}
271 1276 1448 1317 Sie wandern weiter und wandern und treffen auf eine egge.
170 1337 1451 1379 Der sohn des wassergeistes fragt: »Und was ist dies!» »Dies ist
169 1398 1451 1439 das halskreuz meiner vorfahren.» Der sohn des wassergeistes hängt
169 1458 777 1492 es sich als kreuz auf die brust.
273 1517 1449 1552 Dann wandern sie weiter und wandern und kommen zu einem
169 1578 1453 1619 fluss. Der sohn des wassergeistes sagt: »Wie komme ich aber
169 1632 1451 1678 über diesen?» Uber den fluss ging eine brück». Der bursch sagt:
169 1697 1452 1738 »Gehe über die brücke hinüber!» Der sohn des wassergeists beginnt
168 1758 1455 1799 hinüberzugehen: ein (brücken-)brett bricht, und der sohn des was-
169 1818 1454 1859 sergeistes fällt hinunter und sinkt. Wenn ihn auch die egge trüge,
170 1878 1205 1920 die riege und der mühlstein bringen ihn zum sinken.
274 1937 1452 1978 Der bursch geht nachhause. Seine eltern schliefen gerade.
172 1998 1455 2039 Der bursch tritt in die stube und schüttet das geld mitten auf
170 2058 803 2092 die diele. Sie leben heute noch.
1113 2101 1351 2141 (Ust̕sysol̕sk.)
799 2190 827 2217 6.
342 2255 1284 2295 Der zarewitsch und der wassergeist.
275 2342 1458 2384 Es lebte einmal ein zar mit seiner gattin. Sie hatten weder
172 2403 1456 2443 sohn noch tochter. Einmal zieht der zar in den krieg. Er wan-
172 2463 1456 2504 dert und wandert und beginnt durstig zu werden. Er sieht einen
