1797 2919
715 251 907 281 — 225 —
428 343 877 384 {15. stav turi̮ni̮s kopraśe̮;}
492 402 878 444 {jag vi̮le̮ kajas — da}
491 465 886 504 {stav pui̮s ńugl̕a̭śe̮ —}
493 524 808 564 {ńugl̕a̭śe̮, kopraśe̮.}
493 583 1184 627 {— »etja pui̮s ki̮d̕źi ńugl̕a̭śe̮, kopraśe̮,}
429 644 1063 682 {20. si̮d̕ź že̮ meni̮m veś slava lokte̮.}
495 703 806 745 {taja slava ponda}
494 762 932 803 {de̮vet̕ś saje̮ love̮ munni̮;}
493 824 988 864 {ńe-te̮kmi̮-šte̮ de̮vet̕ś saje̮ —}
495 883 1055 924 {pe̮ri̮ś saje̮ love̮ munni̮.» — —}
430 944 944 984 {25. — »starike̮i̭ pe̮, starike̮i̭,}
496 1003 916 1043 {vai̭ kai̭lam gorńit̕śad!»}
496 1063 877 1104 {naja tai̭ kajasni̮. —}
539 1123 1047 1163 {it̕ś-moń pos-vod̕źas kol̕t̕śas;}
497 1182 923 1223 {d̕źorjalas da d̕źorjalas:}
433 1242 939 1275 {30. ńe-ki̮ś ńi-ne̮m oz ad̕d̕źi̮.}
178 1388 865 1430 15. alle kräuter beugen sich nieder;
242 1448 1406 1489 sie besteigt die mit kiefernwald bewachsene anhöhe — und
242 1509 753 1550 alle bäume biegen sich —
244 1568 722 1609 biegen sich, beugen sich.
243 1628 1310 1669 — »So [oft] wie diese bäume sich biegen, sich beugen,
177 1688 1376 1729 20. ebenso [oft] kommen mir [zu ohren] alle [üblen] gerüchte
1001 1749 1231 1788 [über mich].
245 1808 682 1840 Um dieses rufes willen
245 1867 1143 1907 muss ich mich mit einem witwer verheiraten;
246 1927 856 1960 nicht nur mit einem witwer —
247 1987 1261 2027 mit einem greise muss ich mich verheiraten.» — —
181 2047 767 2086 25. — »Mein alter, mein alter,
248 2107 854 2148 lass uns in deine stube gehen!»
248 2167 600 2207 Und sie gehen. —
352 2227 1411 2266 Das junge weibchen bleibt feinmal hinter ihrem alten]
1005 2287 1385 2325 im vorhaus zurück;
249 2345 1085 2387 sie sieht sich suchend um, ihr auge späht:
183 2406 727 2439 30. nichts ist dort zu sehen.
1335 2502 1366 2528 15
