1813 2939
734 235 778 263 —
801 235 840 263 25

591 332 696 361 asnile
719 340 754 361 as
758 329 813 361 nid
835 329 942 369 $i>'sei,

590 393 712 429 menjm
734 390 869 422 vurunte
892 390 976 422 kol'ei
979 390 990 421 !
997 398 1020 419 '»

283 496 341 524 щѵ
370 485 441 518 sidz
463 485 476 518 i
499 485 592 517 keris.
642 485 726 525 iSjas
758 484 875 524 voisni,
909 485 1007 517 bitsen
1039 487 1134 516 asnis
1166 486 1277 515 asnise
1309 484 1429 524 sjrisni
1451 484 1464 516 i

180 557 320 580 vurunse
343 546 475 578 koltsni.
512 545 525 586 j
536 549 624 578 oma
638 545 715 578 isli
736 550 793 577 niv
808 556 912 578 vurun
931 544 1031 585 vajas.
1068 544 1180 584 joma
1202 554 1273 584 хщ:
1292 550 1367 577 »alle
1382 545 1463 584 dive,

181 607 245 640 abu
266 606 280 640 i
300 606 472 647 sojemaes!
505 617 585 639 mun
607 616 650 645 ze,
675 617 754 638 mun
779 617 820 644 ze,
845 606 930 644 velli,
955 610 1040 638 esten
1062 609 1148 638 esten
1163 616 1211 637 em
1227 605 1355 645 mesjas,
1374 605 1464 646 najes

181 667 280 700 lis'ti!»
315 666 377 707 sije
399 666 510 699 munis
533 667 574 698 da
598 667 673 699 hara
697 666 785 708 piris
808 667 891 699 (etkä
916 666 997 699 orde.
1044 666 1106 706 sije
1129 664 1266 698 veledas:
1292 675 1305 696 »
1306 665 1389 698 silen
1392 676 1405 707 »
1427 677 1466 707 pe

180 726 344 767 »mesjasis
367 725 469 767 o&jas!
505 731 532 758 te
554 737 634 758 mun
657 726 698 758 da
721 726 776 758 hi:

591 820 760 861 ’mesjasei,
783 820 942 861 mesjasei,

591 881 685 914 loklei
708 886 734 912 te
756 881 765 912 l
768 881 806 912 ok
810 883 859 920 lei,

590 946 695 982 asnile
718 941 815 973 asnid
839 941 934 979 listei,

590 1004 712 1040 menim
734 1001 813 1042 jevte
835 1002 874 1033 ко
878 1003 895 1031 f
891 1001 947 1033 ei!'

180 1099 238 1136 a/s
245 1097 277 1128 id
302 1107 348 1136 pu
371 1096 454 1129 vilas
478 1097 565 1128 kai!»
587 1107 628 1128 —
651 1096 768 1136 mesjas
793 1096 942 1136 loktasni,
967 1100 1055 1128 asnis
1078 1099 1188 1134 asnjse
1212 1096 1356 1134 lislasni,
1379 1094 1464 1136 jevse

181 1155 322 1195 kotasni.
356 1155 514 1195 jomali
536 1159 593 1187 niv
614 1155 663 1195 jev
685 1167 779 1187 nuas.
816 1161 891 1187 »alle
913 1153 994 1193 tlive,
1018 1155 1082 1186 abu
1098 1155 1111 1186 i
1127 1154 1297 1194 sojemaes!
1330 1166 1411 1187 mun
1428 1167 1465 1187 ze

181 1226 268 1254 mun,
293 1216 376 1254 velli,
401 1221 485 1248 esten
508 1220 592 1248 esten
615 1226 663 1248 em
685 1226 815 1248 menam
838 1216 914 1247 (soi:
938 1216 1011 1247 Herd
1016 1219 1067 1247 ins
1069 1226 1084 1247 e
1106 1215 1218 1248 korit.»
1263 1217 1320 1246 niv
1343 1221 1463 1246 munni

488 1358 598 1390 schert
620 1358 703 1389 euch
728 1357 846 1396 selbst,

487 1427 562 1449 eure
586 1418 679 1449 wolle
703 1418 782 1449 aber
804 1417 884 1448 lasst
908 1417 971 1448 mir
995 1417 1155 1449 zurück!»

285 1514 351 1544 Das
374 1513 538 1545 mädchen
562 1512 695 1545 machte
718 1521 752 1544 es
775 1521 821 1544 so.
861 1511 919 1544 Die
942 1512 1055 1544 schale
1079 1512 1212 1551 kamen,
1230 1512 1291 1544 alle
1308 1512 1461 1545 scherten

180 1573 226 1605 sie
249 1573 318 1605 sich
342 1574 444 1605 selbst
468 1573 536 1605 und
559 1572 675 1605 Hessen
701 1573 769 1603 ihre
793 1572 886 1603 wolle
910 1572 1044 1603 zurück.
1084 1572 1144 1603 Die
1161 1572 1255 1604 wolle
1272 1571 1383 1612 bringt
1402 1573 1463 1603 das

179 1634 343 1666 mädchen
368 1633 426 1673 der
447 1633 543 1673 joma.
583 1633 642 1672 Die
664 1633 749 1672 joma
775 1635 864 1672 sagt:
889 1632 987 1663 »Potz
1010 1633 1157 1671 wunder,
1182 1632 1228 1664 sie
1251 1633 1360 1664 haben
1390 1632 1458 1672 [siej

180 1694 215 1732 ja
249 1694 341 1725 nicht
375 1693 554 1733 gefressen!
603 1693 672 1725 Geh
709 1693 805 1730 doch,
839 1693 913 1733 geh,
947 1693 1023 1724 dort
1056 1693 1125 1725 und
1160 1693 1235 1724 dort
1264 1692 1338 1724 sind
1362 1693 1462 1730 kühe,

180 1754 288 1786 melke
321 1753 400 1785 sie!»
444 1753 496 1785 Sie
527 1753 615 1793 ging,
650 1754 717 1785 und
748 1753 868 1786 wieder
896 1752 974 1793 ging
996 1752 1042 1784 sie
1065 1762 1105 1784 zu
1129 1753 1187 1784 der
1211 1755 1317 1784 taute.
1366 1752 1462 1784 Diese

179 1816 246 1845 rät:
272 1814 362 1845 »Ihre
385 1813 474 1845 kühe
498 1813 570 1845 sind
596 1813 711 1845 baren!
736 1813 798 1853 geh
824 1814 868 1845 du
892 1812 948 1844 hin
974 1813 1043 1844 und
1067 1821 1159 1852 sage:

490 1908 606 1939 'Meine
629 1908 796 1947 kühchen,
821 1908 928 1940 meine
952 1908 1118 1945 kühchen,

488 1969 619 2000 kommt
642 1968 737 2006 doch,
763 1969 894 2000 kommt
917 1968 1040 2006 herbei,

486 2028 591 2060 melkt
614 2028 698 2061 euch
720 2029 833 2064 selbst,

489 2098 565 2120 eure
587 2088 688 2121 milch
712 2090 792 2120 aber
816 2089 896 2120 lasst
920 2088 982 2120 mir
1004 2088 1157 2120 zurück!’

184 2184 314 2215 Klettre
337 2184 438 2215 selbst
462 2182 495 2214 in
520 2183 614 2215 einen
640 2184 775 2215 bäum!»
792 2202 831 2206 —
850 2183 909 2215 Die
932 2183 1021 2214 kühe
1044 2184 1213 2221 kommen,
1237 2183 1368 2215 melken
1393 2182 1462 2215 sich

181 2243 294 2280 selbst,
327 2244 434 2275 lassen
466 2243 535 2275 ihre
564 2243 664 2275 milch
688 2243 820 2275 zurück.
870 2244 937 2275 Das
960 2243 1126 2275 mädchen
1148 2243 1261 2283 bringt
1286 2242 1338 2275 die
1361 2241 1462 2275 milch

181 2302 239 2343 der
260 2302 357 2343 joma.
404 2304 502 2335 »Potz
525 2304 671 2342 wunder,
696 2304 741 2336 sie
765 2304 874 2335 haben
902 2303 970 2343 [sie]
996 2303 1027 2343 ja
1054 2303 1147 2335 nicht
1171 2303 1351 2343 gefressen!
1392 2304 1461 2335 Geh

180 2363 276 2401 doch,
309 2364 380 2403 geh,
411 2364 508 2396 mach
542 2364 618 2396 dich
650 2364 718 2400 auf,
751 2365 826 2396 dort
859 2364 927 2395 und
960 2364 1037 2395 dort
1070 2364 1112 2395 ist
1134 2363 1243 2395 meine
1266 2364 1461 2401 Schwester;

181 2424 266 2456 bitte
299 2424 344 2456 sie
376 2433 433 2456 um
462 2424 514 2456 die
537 2423 676 2456 worfel.»
724 2424 790 2456 Das
823 2423 986 2455 mädchen
1016 2423 1152 2463 beginnt
1178 2433 1218 2455 zu
1242 2423 1358 2463 gehen,
1382 2424 1463 2463 geht
