1793 2917
696 263 889 293 — 223 —
474 354 965 395 {bi̮dse̮n vež-jur-śia zonjas!»}
409 413 1097 455 {25. »mi̮l̕a že̮ te i̮le̮dlan da pe̮rje̮dlan?}
473 474 1124 515 {ve̮li ve̮d me kazańad da ge̮raad!}
474 534 1002 576 {kazań ge̮ra ji̮lad ke̮ kajan,}
474 595 1075 636 {bi̮dse̮n seni saldatskei̭ jur kui̭le̮;}
472 654 981 695 {vež lug vi̮lad ke̮ vi₍d̕źe̮dlan:}
409 714 1124 755 {30. bi̮dse̮n seni saldatskei̭ jur-śi kui̭le̮:}
473 774 871 816 {gi̮ri̮ś šorjas vizi̮vte̮ni̮:}
472 834 869 874 {saldatskei̭ vir vizi̮vte̮;}
473 894 884 935 {posńi šorjas vizi̮vte̮ni̮:}
472 954 924 993 {saldatske̮i̭ śin-va vizi̮vte̮:}
409 1014 1048 1055 {35. kazań ju vi̮las ke̮ vi₍d̕źe̮dlan:}
473 1074 837 1113 {e̮kmi̮s karaba lokte̮;}
474 1134 997 1174 {karab pi̮tškas ke̮ vi₍d̕źe̮dlan:}
475 1193 1055 1234 {bi̮dse̮n sete̮ni jurte̮m je̮z kui̭le̮!»}
218 1409 1008 1452 alle [schiffsleute] hellgelockte jünglinge!»
152 1470 1026 1512 25 »Warum narrst und täuschest du [mich]?
218 1529 1226 1572 Ich bin ja in Kasan und auf seinem berg gewesen!
216 1590 1224 1632 Wenn du auf den bergesgipfel von Kasan kletterst,
216 1650 833 1691 überall liegen da soldatenköpfe;
216 1710 942 1751 wenn du auf die grüne wiese blickst:
153 1769 837 1810 30. überall liegen da soldatenhaare;
219 1828 743 1869 die grossen bäche strömen:
217 1889 703 1930 soldatenblut strömen sie;
217 1948 740 1983 die kleinen bäche strömen:
218 2009 751 2050 soldatentränen strömen sie;
151 2071 1013 2104 35. wenn du den fluss von Kasan anblickst:
215 2129 1303 2173 neun schiffe (eig.: schiffsladungen) nähern sich [gewiss];
218 2190 1075 2229 [aber] wenn du in die schiffe hineinschaust:
216 2249 1100 2290 überall in ihnen liegen menschen ohne kopf!»
