1803 2953
936 247 1108 276 — 96 —
373 338 1668 381 {i̮stasni̮ je̮je̮s pop t̕śḙl̕a̭d̕la. je̮i̭ munas pop orde̮. t̕śḙl̕a̭d̕jas jona ku-}
376 399 1669 441 {tasni̮ be̮rdni̮. je̮i̭ stavni̮se̮ bośtas, pe̮ś va pije̮ śui̭las i kutas nuni̮}
374 460 1666 503 {gortas. t̕śḙl̕a̭d̕jas kutasni̮ be̮rdni̮. je̮i̭ najali̮ stavni̮sli̮ ki̮n sit vomas}
374 520 1668 562 {śujalas. voas gorte̮. popad̕ja ad̕d̕źas ki̮nme̮m t̕śḙl̕a̭d̕se̮, zev jona be̮r-}
375 581 1104 624 {d̕źas. seśa je̮je̮s i̮stasni̮ je̮i̭jas-olan-ine̮.}
994 732 1044 762 34.
919 814 1126 855 {mika·i̭le̮.}
479 901 1665 943 {olisni̮ vi̮lisni̮ gozja. muži̮ki̮s muni uravni̮ ve̮ravni̮, a babai̮s}
373 960 1665 1003 {muni vot̕t̕śi̮ni̮. sije̮ i voše̮. oš sije̮s guas pi̮rtas i kujim vo seni vi-}
374 1022 1662 1064 {d̕źas. nale̮n loe̮ pi, e̮t̕i dži̮ni̮s oš, me̮d dži̮ni̮s mort, mika·i̭le̮ ńima.}
374 1082 1664 1125 {sije̮ petas pi̮šji̮ni̮; voas ge̮ra. pii̮s ge̮rase̮ t̕śužjas, da ge̮raśi̮s i petas}
377 1143 1666 1184 {mort. mort šue̮: »me ge̮ri·ńe̮, teni̮d loa i₍t̕śe̮t vok». seśśa munasni̮}
373 1275 1664 1315 die priesterskinder zu holen. Der blödsinnige geht in den pfarr-
373 1335 1663 1377 hof. Die kinder beginnen heftig zu weinen. Der blödsinnige
374 1395 1663 1436 nimmt sie alle, stösst sie in heisses wasser und beginnt sie nach-
374 1455 1664 1496 hause zu schaffen. Die kinder fangen an zu weinen. Der blöd-
372 1515 1664 1556 sinnige stopft ihnen allen gefrorene kotknödel in den mund. Er
372 1575 1662 1616 kommt zuhause an. Die priestersfrau erblickt ihre erfrorenen
372 1634 1662 1678 kinder [und] bricht in heftiges weinen aus. Darauf schicken sie
372 1696 950 1736 den blödsinnigen ins tollhaus.
1318 1737 1558 1778 (Ust̕sysol̕sk.)
992 1827 1044 1856 34.
930 1902 1103 1934 Michel.
476 1985 1661 2026 Es war einmal ein ehepaar. Der mann ging auf die jagd,
371 2045 1661 2087 seine frau aber ging aus um beeren zu pflücken. Da verirrt sie
370 2105 1659 2146 sich. Ein bär führt sie in sein lager und hält sie dort drei jahre.
374 2165 1659 2208 Ihnen [dem bären und dem weib] wird ein sohn geboren, halb
372 2225 1659 2266 bär, halb mensch, Michel mit namen. Dieser geht hinaus und
371 2284 1660 2325 läuft davon; er kommt an einen berg. Der knabe schlägt mit
370 2343 1659 2388 dem fusse gegen den berg, und aus dem berge kommt ein mensch
371 2404 1661 2447 heraus. Der mensch sagt: »lch bin Gorynja, bin dein jüngerer
373 2464 1659 2506 bruder.» Dann wandern sie [zusammen] und gelangen an den
