1799 2956
917 278 1111 307 — 282 —
539 368 935 407 {šondi-bane̮i̭, muži̮ke̮i̭!}
540 430 1195 471 {važe̮n tai̭ mi₍t̕śa paś-ke̮mse̮ novlim,}
539 490 1034 530 {e̮ni si̮ri-l̕etkise̮ mi novlam,}
540 550 1349 593 {da i sije̮s oge̮ verme̮ vuri̮šni̮s ńi ve̮₍t̕śi̮šni̮s!}
475 611 1232 650 {40. me ve̮d t̕śḙt̕t̕śa, — da kode̮s rad̕e̮i̭ta?}
539 671 1193 705 {t̕śḙl̕ad̕se̮ al̕i ske̮tse̮ ud̕ita rad̕e̮i̭tni̮?!}
539 731 996 772 {al̕i ne̮ pe̮žaśni̮ uśke̮d̕t̕śa,}
539 792 1158 825 {al̕i me ve̮vse̮ dod̕d̕ala da muna?!}
538 852 1018 891 {šondi-bane̮i̭, bur muži̮ke̮i̭!}
475 912 1604 954 {45. klopka-ki̮lan ke̮₍d̕źi̮dnas dod̕d̕as pukśa da turunla muna,}
538 973 960 1006 {— da zev e̮me̮i̭ le̮śid?!}
537 1033 1206 1074 {me ve̮d zore̮d vi̮las kaja — da uśa,}
538 1093 1378 1136 {ke̮₍d̕źi̮di̮sla me ve̮d og ńine̮m vermi̮ kerni̮ se̮!}
539 1154 918 1193 {ki̮mi̮ni̮ś me uśa! —}
475 1214 1401 1249 {50. da turunse̮ e₍tša i verma vai̭ni̮ se̮ ke̮₍d̕źi̮di̮sla!}
538 1274 1402 1315 {turunlaśi̮s me lokti — da menam peski̮s abu!}
439 1412 987 1450 Mein sönnchen, mein mann!
436 1472 1148 1512 Früher ja trugen wir schöne kleider,
434 1532 1157 1572 jetzt tragen wir verbrauchte lumpen,
434 1590 1657 1632 nicht einmal diese können wir [mehr] nähen und schneidern!
370 1652 1658 1692 40. Wenn ich [am morgen] aufstehe — um wen wird sich meine
1194 1712 1459 1752 sorge drehen?
434 1772 1656 1813 Werde ich für die kinder zu sorgen vermögen oder für das vieh?!
436 1832 1222 1871 Werde ich hineilen müssen zum kochen,
438 1892 1478 1930 oder soll ich das pferd anschirren und davonfahren?!
435 1951 980 1990 Mein sönnchen, mein mann!
373 2012 1657 2045 45. Bei krachender kälte setze ich mich in den schlitten und fahre
1191 2073 1620 2112 aus um heu zu holen,
432 2115 960 2148 — und ist das sehr leicht!
434 2175 1332 2213 Ich klettere auf den heuschober — und falle,
433 2235 1096 2275 vor kälte kann ich ja nichts tun!
432 2294 1171 2335 Wie häufig werde ich auch fallen! —
370 2354 1657 2395 50. und dennoch kann ich ja der kälte wegen nur wenig heu heim-
1191 2414 1346 2454 bringen!
432 2474 1656 2514 Vom heuholen bin ich zurückgekehrt — und habe kein brennholz!
