1799 2967
883 890 1140 938 II. Kätsel.
825 1064 1192 1095 A. Untere Ižma.
469 1156 1296 1196 1. bi̮d kḙrkai̮n bi̮d-to̭r kari̮ś vi̮ji̮m. — jḙn.}
468 1216 1268 1256 {2. bi̮d kḙrkai̮n kien kartem to̭r vi̮ji̮m. —}
468 1276 1476 1317 {3. bi̮d kḙrkai̮n it̕ś-moń kui̭lɛ bannas st̕enaɛ. — t̕śḙr.}
468 1337 1308 1378 {4. bi̮d kḙrkai̮n oš-lapa. — pat̕ś-tši̮škan li̮s.}
471 1397 1370 1438 {5. bi̮d kḙrkai̮n śinmen ad̕d̕źi̮tem to̭r. — šo̭ni̮d.}
469 1457 1653 1497 6. das-ki̮k vo̭k ńḙmni̮ssɛ kui̭leni̮s, ńi-kòr òz sutni̮s. — kḙrka-}
366 1520 470 1549 {st̕ena.}
470 1577 1370 1616 77. dori̮s do̭na do̭na, še̮ri̮s ne̮šta do̭na. — e̮ši̮n,}
470 1636 1335 1675 8. dźol̕a d̕źol̕a, a ńi-kòr òz ti̮r. — iz-ki rùź.}
476 1767 1654 1807 1. In jeder stube ist einer, der alles schaffen kann. — Das
365 1828 590 1868 heiligenbild.
469 1886 1654 1928 2. In jeder stube ist ein nicht mit der hand verfertigtes
367 1947 656 1988 ding. — Ritze.
470 2006 1656 2047 3. In jeder stube liegt eine schwiegertochter mit dem ge-
365 2067 1037 2107 sicht gegen die wand. — Die ašt.
469 2126 1520 2167 4. In jeder stube eine bärentatze, — Der ofenbesen.
469 2186 1578 2228 5. In jeder stube ein unsichtbares ding. — Die wärme.
469 2246 1655 2288 6. Zwölf brüder liegen ihr ganzes leben, stehen nie auf. —
368 2308 648 2341 Die hauswand.
470 2366 1654 2405 7. Sein rand ist teuer, teuer, seine mitte ist noch teurer.
366 2429 661 2460 — Das fenster.
469 2484 1655 2526 8. Klein, klein, wird aber nie voll. — Das loch im mühlstein,
