1808 2941
704 248 874 276 — V7 —
146 338 1431 380 {d̕a̭d̕e̮. sije̮ šuas d̕a̭d̕e̮i̮sli̮: »d̕ad̕e̮, me teni̮d dod̕jad pukśa da śi̮la.»}
148 398 1193 440 {d̕a̭d̕e̮i̮s šuas: »pukśi̮, śi̮v!» sije̮ pukśas da śi̮vni̮ kutas:}
507 494 933 535 {»t̕śe̮rsa tupi̮l̕ae̮s ńi̮li̮šti,}
509 554 920 593 {rektana babae̮s ńi̮li̮šti,}
510 614 878 654 {t̕śera d̕a̭d̕e̮e̮s ńi̮li̮šti,}
511 674 858 712 {me i tene̮ ńi̮li̮šta!»}
150 768 1434 810 {sije̮ d̕a̭d̕e̮te̮ i ńi̮li̮štas. seśśa munas da si̮li̮ pani̮d loe̮ kraž-dod̕ja}
152 827 1434 870 {d̕a̭d̕e̮. sije̮ šuas: »d̕ad̕e̮, me teni̮d mi̮i̭-ke̮ śi̮la, dod̕jad pukśa da!»}
151 889 1187 929 {d̕a̭d̕e̮i̮s šuas: »pukśi̮, śi̮v, kužan-ke!» sije̮ śi̮vni̮ kutas:}
512 984 930 1024 {»t̕śe̮rsa tupi̮l̕ae̮s ńi̮li̮šti,}
512 1043 923 1083 {rektana babae̮s ńi̮li̮šti,}
512 1103 875 1144 {t̕śera d̕a̭d̕e̮e̮s ńi̮li̮šti,}
514 1162 966 1202 {pes-dod̕ja d̕a̭d̕e̮e̮s ńi̮li̮šti,}
511 1222 860 1262 {me i tene̮ ńi̮li̮šta!»}
153 1362 1437 1402 holz. Es sagt zu dem manne: »Onkelchen, ich setze mich in deinen
154 1422 1439 1462 schlitten und singe.» Der mann sagt: »Setz dich, singe!» Es setzt
154 1480 696 1521 sich und beginnt zu singen:
207 1576 1216 1617 »Die spindel und den knäuel hab' ich verschlungen,
208 1636 1055 1676 die alte samt haspel hab' ich verschlungen,
208 1696 1118 1736 den alten samt der azt hab' ich verschlungen,
213 1756 949 1796 [und nun] verschlinge ich auch dich!»
264 1849 1439 1890 [Und da] verschlingt es den mann auch. Dann zieht es weiter,
160 1910 1440 1950 und ihm entgegen kommt ein mann mit einer fuhre holzklötze.
161 1969 1441 2010 Es sagt: »Onkelchen, ich werde dir etwas singen, in deinen schlit-
159 2030 1441 2070 ten setze ich mich nieder!» Der mann sagt: »Setz dich [und] singe,
158 2090 1056 2131 wenn du [es] kannst!» Es beginnt zu singen:
212 2183 1222 2224 »Die spindel und den knäuel hab' ich verschlungen,
213 2243 1061 2284 die alte samt haspel hab' ich verschlungen,
212 2303 1122 2344 den alten samt der azt hab' ich verschlungen,
211 2363 1363 2403 einen mann samt seiner fuhre scheite hab' ich verschlungen,
216 2422 952 2463 [und nun] verschlinge ich auch dich!»
