1802 2956
689 287 882 315 — 163 —
248 379 1426 421 {174. pu pos vi̮vti kajas, ja̭i̭ labi₍t̕śe̮ pukśas. — ve̮v vi̮le̮ pukše̮m.}
250 440 1426 482 {175. put̕i petis, vit-pon tšapkis (od: t̕śapkis). — zi̮ri̮m sul̕e̮m.}
249 500 1430 541 {116. rase̮ kaje̮, de̮ra vol̕sale̮, gorte̮ lokte̮, de̮ra vol̕sale̮. — l̕am-}
144 561 372 602 {pae̮n vetle̮m.}
251 621 1429 664 {177. sar ge̮sudar! una vo meni̮m u₍džalin, dub ńa̭ń śojin,}
145 681 595 722 {una vo terpitin! — gi̮r.}
251 741 1379 784 {178. se̮n-suńi̮s ge̮re̮dte̮m, veža taśti̮ pi̮de̮ste̮m. — me̮s jue̮m.}
252 801 1055 843 {179. si̮kti̮v vi̮li̮n l̕e̮m-tuś. — śin-bugi̮l̕.}
252 862 1428 903 {180. śe̮d me̮s pi̮šje̮, ge̮rd me̮s ve̮te̮de̮ (od: ve̮t̕t̕śe̮). — tši̮n i bi.}
253 921 1361 962 {181. śe̮d uśe̮, vež pete̮, ezi̮ś da zarńi kuralas. — vunde̮m.}
254 982 1389 1024 {182. śe̮d ve̮r še̮ri̮n ge̮rd-ga₍t̕śa sulale̮. — śume̮dte̮m ki̮d̕ź-pu}
254 1043 1175 1084 {183. śe̮d ve̮r še̮ri̮n ge̮rd-šl̕apaa molod̕e̮t̕ś. — tut̕,}
255 1176 1432 1216 174. Eine hölzerne treppe steigt es hinauf, auf eine fleisch-
150 1235 1243 1276 bank setzt es sich. — Das besteigen des pferderückens.
256 1296 1430 1338 175. ropf, tropf, tropfte heraus, ein fünfend ergriff [es]
150 1354 1185 1396 (od: warf [es] hinaus). — Das schnäuzen des rotzes.
256 1416 1435 1456 176. In den wald geht es, leinwand breitet es aus, nach
149 1476 1434 1514 hause kommt es, leinwand breitet es aus. — Das schneeschuh-
150 1537 272 1570 laufen.
256 1596 1435 1636 177. Zar und herrscher! Manches jahr hast du für mich
150 1657 1434 1698 gearbeitet, ungesäuertes brot gegessen, viele jahre hast du gehal-
151 1717 535 1749 ten. — Der mörser.
256 1776 1435 1819 178. Aus sehne ein! faden ohne knoten [d. h. der hals der
151 1837 1434 1878 kuh], eine heilige tasse ohne boden [d. h. der bach]. — Die kuh
152 1897 595 1937 trinkt [aus dem bach].
257 1956 1434 1997 179. Auf dem Sysolaflusse [d. h. die tränen] eine ahlkirsche.
152 2016 473 2056 — Der augapfel.
259 2076 1436 2116 180. Eine schwarze kuh läuft, eine rote kuh holt [sie] ein
151 2136 1173 2177 (od: setzt [ihr] nach). — Der rauch und das feuer.
257 2196 1438 2237 181. Es fällt schwarzes herab, es kommt grünes herab, sil-
152 2258 1138 2297 ber und gold harkt man zusammen. — Die ernte.
258 2317 1441 2357 182. Inmitten eines finsteren waldes steht ein rothosiger
157 2377 1053 2418 [mann]. — Die birke ohne rinde [abgeschält].
260 2436 1439 2477 183. Inmitten eines schwarzen waldes ein rotmütziger teu-
154 2497 840 2539 felsbengel. — Das männliche glied.
