1813 2944
721 256 868 284 — 61 —
163 347 1451 389 {vit̕t̕śi̮ni̮. munis, munis i pemdi. kerka voi̭is. ńorim ve̮zji̮śni̮ kutis}
166 408 1450 448 {uźni̮. ńorime̮s le₍d̕źisni̮. ńorim šui̭is: »menam eśke̮ ńin-ke̮m em,}
164 468 1452 511 {da sije̮ t̕śipanjaske̮d uźle̮.» si̮li̮ šui̭isni̮: »to-tai̭ t̕śipan-pozji̮s! śui̭!»}
162 529 1451 571 {ńorim śujis. voi̭nas t̕śḙt̕t̕śis ńorim, ńin-ke̮mse̮ i kośalis. aski}
166 590 1451 631 {babai̮s t̕śḙt̕t̕śis, t̕śipanjase̮s kutis verdni̮ i ad̕d̕źis ńin-ke̮mse̮ kośale̮-}
166 649 1452 692 {mae̮ś. babai̮s šui̭is aslas muži̮ki̮sli̮: »kod-ke̮ ńin-ke̮mse̮ kośale̮ma!»}
165 710 1451 751 {ńorim ki̮las i šue̮: »og e̮me̮i̭ ki̮v! me tenśi̮d med bur t̕śipante̮ nua!»}
164 771 837 811 {ńorimli̮ śetisni̮ med bur t̕śipanse̮.}
266 830 1451 871 {ńorim munis vo₍d̕źe̮ ri̮te̮₍d̕źi̮s i pemdi. kerka voi̭is. pi̮ris i}
165 891 1448 933 {ve̮zji̮śe̮ uźni̮. ńorime̮s le₍d̕źisni̮. ńorim šue̮̭: »menam t̕śipan em.}
164 950 1450 994 {sije̮ utkajaske̮d uźle̮.» »to-tai̭, śui̭ utka-pozjas!» ńorim śujis. voi̭-}
164 1012 1451 1054 {nas t̕śḙt̕t̕śis da vii̭is t̕śipanse̮. aski baba t̕śḙt̕t̕śis, kutis verdni̮ utka-}
166 1161 1450 1201 auf um [geld] zu verdienen. Er wanderte und wanderte, und es
168 1220 1452 1260 wurde dunkel. Er kam zu einer hütte. Der ńorim begann zu
170 1280 1452 1321 flehen, man möchte ihn [für die nacht in die hütte] einlassen um
168 1340 1453 1380 zu schlafen. Man liess den ńorim ein. Der ńorim sagte: »lch
168 1400 1452 1440 hätte hier einen bastschuh, aber der ist gewöhnt bei den hühnern
168 1460 1452 1504 zu schlafen.» Sie'sagten ihm: »Dort ist ja der hühnerkäfig. Stecke
170 1520 1449 1563 [ihn] dahinein.» Der ńorim steckte [ihn] hinein. In der nacht stand
167 1581 1448 1623 der ńorim auf und riss seinen bastschuh entzwei. Am morgen
168 1642 1452 1682 stand die frau auf, begann ihre hühner zu füttern und gewahrte,
168 1700 1453 1741 dass [die hühner] den bastschuh entzweigerissen hatten. Die frau
168 1761 1452 1802 sagte zu ihrem manne: »Eins hat seinen bastschuh entzweigeris-
169 1821 1453 1861 sen!» Der ńorim hört es und sagt: »Meint ihr, ich höre nicht
173 1881 1449 1921 [was ihr da sprecht]! Ich nehme dir [als ersatz für den schuh]
169 1941 1450 1982 dein bestes huhn weg.» Sie gaben dem ńorim ihr bestes huhn.
273 2001 1451 2042 Der ńorim ging bis zum abend weiter, und es wurde dunkel.
171 2061 1453 2099 Er kam zu einer hütte. Er trat hinein und fleht, man möchte
170 2122 1453 2163 ihn [für die nacht] einlassen um zu schlafen. Sie liessen den
169 2182 1454 2223 {ńorim ein. Der ńorim sagt: »lch habe ein huhn. Das ist ge-
171 2242 1451 2283 wöhnt bei den enten zu schlafen.» »Dort [sind sie] ja, stecke [es]
170 2302 1453 2342 in den entenkäfig!» Der ńorim steckte es hinein. In der nacht
170 2361 1454 2401 stand er auf und tötete sein huhn. Am morgen stand die frau
171 2421 1454 2461 auf, begann die enten zu füttern und sah, dass [sie] das huhn
