1799 2943
772 252 812 281 35
836 266 878 271 —

152 344 166 378 i
198 344 251 377 usi
285 345 402 377 ka.tm-
405 348 464 386 1'so]
473 345 515 377 is!
560 345 609 376 Sir
641 344 736 377 bostis
766 356 778 377 г
808 344 932 386 vil'edis.
977 344 1060 386 petis
1092 344 1132 377 da
1156 356 1195 377 va
1218 346 1291 378 dore
1313 346 1435 381 munis.

153 404 342 447 ka.tSa-keja
366 408 441 446 pi$e
462 405 546 447 puks
549 405 579 437 is
602 404 615 437 i
638 405 725 437 kulis
746 408 848 444 sivni:

564 502 628 534 »Sir
650 503 734 535 kivte
757 503 829 536 kate

565 563 605 594 ka
619 563 756 603 tsa-keja
779 566 889 603 piSen,

566 624 631 659 moi
655 622 740 663 lopta
762 622 893 662 pelisen,

566 682 672 714 ur-bez
694 681 813 721 zibjen:

567 742 632 773 liva
656 742 746 774 dorse
767 741 903 781 zibjisle,

566 801 703 834 kir-ketS
724 802 813 834 dorse
835 805 850 833 s
856 802 919 840 iniß
922 807 975 833 te.e

154 896 215 935 sije
238 896 317 928 kilis
339 896 405 929 kets
429 896 441 928 i
465 896 551 929 kutis
575 896 722 936 vezjisni:
746 897 828 929 »Sire
850 896 940 936 fsoje,
965 896 1031 928 ledz
1054 901 1082 928 te
1104 907 1192 929 mene
1214 898 1348 937 pi&adh
1391 898 1437 930 Sir

154 957 226 989 Sue:
251 956 357 992 »ke/se
378 956 469 997 tsoje,
493 956 596 997 vejam
618 957 704 990 ved!»
738 958 805 989 kets
827 958 899 989 Sue:
924 966 937 987 »
938 967 993 996 oge
1015 957 1111 997 vejei!
1136 957 1202 989 led'z
1224 958 1278 989 ket
1295 963 1435 991 mensim

157 1016 334 1057 lapa-peles
338 1016 365 1048 /»
411 1017 476 1048 kets
501 1017 585 1057 piris
608 1021 747 1049 stavnas.
793 1017 842 1048 Sir
864 1016 950 1048 kulis
974 1016 1050 1048 bara
1072 1020 1176 1055 sivni:

567 1120 580 1141 »
581 1110 631 1150 S]r
654 1111 736 1151 kivte
762 1111 831 1143 kate
834 1120 847 1141 »

568 1172 630 1202 etc.
656 1173 718 1202 etc.
742 1170 815 1211 (wie
840 1170 949 1210 oben).

161 1308 229 1349 [sie]
248 1309 317 1341 und
334 1312 434 1349 nagte
455 1309 522 1349 [sie]
542 1309 690 1349 ringsum
707 1310 759 1341 ab.
785 1309 837 1341 Sie
853 1308 931 1350 ging
943 1309 1064 1341 hinaus
1077 1310 1146 1341 und
1158 1310 1265 1349 begab
1280 1310 1348 1342 sich
1362 1319 1439 1342 zum

158 1369 268 1401 flusse.
318 1369 370 1401 Sie
401 1371 506 1401 setzte
538 1369 607 1401 sich
638 1369 671 1401 in
695 1370 759 1401 den
782 1378 841 1401 aus
866 1370 941 1401 dem
964 1369 1138 1402 brustbein
1163 1371 1220 1401 der
1243 1370 1342 1402 elster
1365 1379 1437 1402 ver¬

158 1429 316 1469 fertigten
338 1428 430 1461 kahn
454 1430 523 1461 und
545 1430 678 1469 begann
701 1439 742 1460 zu
765 1429 895 1470 singen:

262 1524 338 1555 »Die
362 1532 457 1555 maus
481 1523 596 1555 schifft
620 1523 682 1554 den
706 1522 789 1555 fluss
812 1523 925 1561 hinab,
951 1524 1014 1555 den
1039 1524 1120 1556 fluss
1144 1524 1271 1562 hinauf,

262 1585 293 1615 in
317 1583 424 1616 einem
448 1584 538 1616 kahn
562 1591 621 1615 aus
646 1584 721 1615 dem
745 1583 920 1615 brustbeiu
945 1584 1003 1616 der
1027 1584 1135 1622 elster,

261 1643 324 1676 mit
347 1644 453 1676 einem
478 1645 586 1682 rüder,
613 1644 729 1675 dessen
752 1644 842 1676 blatt
866 1653 926 1676 aus
948 1644 1043 1676 biber
1065 1645 1120 1682 ist,

262 1704 324 1736 mit
349 1704 437 1735 einer
460 1703 677 1744 bootsstange
704 1713 780 1736 vom
803 1704 956 1736 schwänz
981 1704 1038 1736 des
1062 1704 1337 1742 eichhörnchens;

263 1764 314 1795 bei
338 1764 402 1795 den
427 1764 646 1795 Sandbänken
670 1765 773 1796 stösst
797 1763 842 1796 sie
871 1765 946 1805 [den
968 1764 1072 1803 kahn]
1096 1764 1159 1795 mit
1183 1765 1241 1796 der
1264 1767 1382 1804 Stange

1112 1826 1285 1862 vorwärts,

263 1883 318 1906 am
341 1874 458 1906 steilen
482 1874 554 1906 ufer
577 1875 693 1907 rudert
715 1875 789 1907 sie.»

264 1968 341 2001 Dies
373 1969 469 2000 hörte
500 1969 550 2000 ein
575 1969 665 2008 hase,
689 1970 758 2001 und
783 1979 816 2001 er
839 1970 970 2009 begann
994 1979 1034 2000 zu
1058 1969 1181 2001 bitten:
1208 1970 1328 2008 »Maus,
1354 1969 1441 2001 mein

160 2029 414 2068 schwesterlein,
450 2029 555 2061 nimm
585 2029 673 2062 mich
704 2030 789 2062 doch
819 2030 852 2061 in
882 2030 957 2062 dein
990 2030 1102 2062 boot!»
1148 2029 1208 2061 Die
1231 2038 1328 2062 maus
1351 2032 1441 2069 sagt:

160 2090 276 2128 »Hase,
294 2090 382 2121 mein
398 2089 652 2128 schwesterlein,
673 2090 785 2129 [dann]
806 2090 983 2122 versinken
999 2090 1058 2122 wir
1073 2090 1139 2129 ja!»
1174 2090 1240 2122 Der
1255 2090 1335 2122 hase
1351 2092 1440 2129 sagt:

161 2149 272 2188 »Nein,
296 2149 354 2181 wir
377 2149 553 2182 versinken
579 2149 685 2182 nicht!
710 2150 775 2181 lass
798 2150 887 2182 mich
910 2149 1034 2188 hinein,
1059 2150 1104 2182 sei
1128 2159 1162 2182 es
1185 2150 1271 2182 auch
1294 2159 1357 2181 nur
1380 2150 1442 2181 mit

162 2210 219 2241 der
243 2209 336 2241 einen
362 2210 487 2249 pfote!»
524 2211 614 2250 [Und
637 2211 690 2249 da]
717 2210 795 2242 kam
821 2211 878 2242 der
900 2211 981 2242 hase
997 2219 1081 2250 ganz
1100 2210 1145 2251 [in
1162 2211 1221 2241 das
1237 2210 1344 2248 boot].
1381 2210 1442 2241 Die

160 2278 256 2301 maus
280 2270 411 2310 begann
434 2269 555 2302 wieder
578 2280 617 2301 zu
642 2269 772 2309 singen:

264 2363 340 2396 »Die
364 2373 460 2395 maus
483 2363 598 2396 schifft
623 2364 686 2395 den
709 2364 791 2396 fluss
814 2364 928 2402 hinab,
954 2365 1017 2396 den
1040 2364 1122 2396 fluss
1145 2364 1290 2402 hinauf,»

264 2426 327 2456 etc.
354 2427 416 2457 etc.
442 2423 516 2464 (wie
540 2424 651 2464 oben).
