1812 2957
926 271 1096 301 — 90 —
365 364 1655 407 {vok kajis pu ji̮le̮, i ad̕d̕źis i̮li̮ś bi. bila munis med i̮₍dži̮d vok: d̕a̭-}
365 425 1447 466 {d̕uška, vai̭ bitḙ!» »ńebil̕e̮s-ke̮ moi̭dan, śeta.» »me og kuž.»}
470 485 1654 526 {bila munis še̮r-kos vok: »d̕ad̕uška, vai̭ bite!» »ńebi̮l̕e̮s-ke moi̭-}
365 546 837 587 {dan, śeta.» »me og kuž.»}
470 606 1654 649 {bila munis ivan durak: »d̕a̭d̕uška, vai̭ bite!» »ńebil̕e̮s-ke̮ moi̭-}
364 668 1651 710 {dan, śeta.» »moi̭da. no en śerav! e̮t̕t̕śi̮d mian puśige̮n kiśśis tšan,}
364 728 1652 771 {set̕t̕śe loktis ve̮v; juis t̕śuź-vase̮ da poti. seśśa mi ki̮d̕ź-pue̮n sije̮s asi̮-}
366 789 1654 830 {kalim. ki̮d̕ź-pui̮d bi̮dmis ńebesae̮d̕ź, da me seti i kaji ńebesae̮. seś me}
364 849 1653 892 {ad̕d̕źi una je̮z, kodjas ve̮li vežlale̮ni ku₍t̕śike̮n da gute̮n. me gutte̮ ku-}
365 910 1653 950 {tali, vežlali ku₍t̕śike̮n i ve̮₍t̕śi ve̮ń, i let̕t̕śi si̮ kuźa i₍t̕śe̮t̕ika. seki d̕a̭d̕e̮}
364 971 1652 1013 {ve̮le̮m te̮le̮d̕t̕śe̮ da jikii̮s i kaje. me jikise̮ kutali, jitli: si̮ kuźa let̕t̕śi}
364 1032 1653 1074 {bara, da i mui̮s ti̮dovt̕t̕śis i₍t̕śe̮t̕ika. seśśa me seśa̭ń uśke̮d̕t̕śi da ńure̮}
366 1164 1651 1198 Der bruder kletterte in einen baum und erblickte in der ferne
363 1225 1650 1258 feuer. Um feuer zu holen machte sich der älteste bruder auf:
364 1285 1651 1326 »Alterchen, gib [mir] feuer!» »Wenn du eine unmögliche geschichte
364 1345 1380 1386 erzählst, gebe ich [dir welches].» »lch kann keine.»
470 1406 1648 1439 Der mittelste bruder machte sich auf um feuer zu holen:
363 1465 1650 1507 »Alterchen, gib [mir] feuer!» »Wenn du eine unmögliche geschichte
364 1525 1378 1566 erzählst, gebe ich [dir welches].» »lch kann keine.»
467 1585 1651 1619 Dumm Hänschen machte sich auf um feuer zu holen: »Al-
363 1645 1654 1686 terchen, gib [mir] feuer!» »Wenn du eine unmögliche geschichte
362 1705 1650 1747 erzählst, gebe ich [dir welches].» »lch erzähle [dir eine], aber lache
362 1765 1649 1806 ja nicht! Einmal als wir [bier] brauten, zerfiel das fass. Hinein
366 1826 1648 1867 [in die stube] kam ein pferd; das trank die bierwürze und zer-
364 1886 1650 1924 platzte. Dann banden wir um es als reifen eine birke. Die birke
364 1946 1648 1984 wuchs bis in den himmel, und ich kletterte an ihr in den himmel.
363 2006 1650 2046 Dort sah ich viel volks, das [unter sich] häute gegen fliegen aus-
361 2066 1648 2106 tauschten. Ich fing eine fliege, wechselte [sie] gegen eine haut aus
362 2125 1648 2166 und machte [mir daraus] einen gürtel und liess mich [vom him-
362 2185 1648 2226 mel] eine kleine strecke nieder. Da war [unten auf der erde] ein
360 2245 1646 2286 mann beim kornworfeln, und die spreu steigt [in die luft] empor.
363 2305 1649 2346 Ich fing die spreu auf [und] fügte sie zusammen: darauf entlang
360 2364 1650 2406 ging ich wieder abwärts, und auch die erde ward ein wenig sicht-
360 2425 1648 2465 bar. Dann liess ich mich von dort herabfallen und sank [beim
361 2484 1648 2525 fall] in einen sumpf. Da baute ein kranich auf meinen kopf ein
