1793 2957
721 263 912 292 — 205 —
547 354 933 396 {sija mene̮ pe̮ oz vai̭,}
550 415 987 457 {kodi že̮ pe men oz kov,}
484 475 856 517 {15. sija mene̮ vaje!»}
794 618 866 646 10.\1\
548 692 975 731 {końḙre̮i̭ pe̮, vańkae̮i̭,}
548 751 1037 791 {ki̮t̕t̕śe̮ že̮ pe̮ te me̮de̮d̕t̕śan,}
548 810 1048 851 {ki̮t̕t̕śe̮ že̮ pe te me̮de̮d̕t̕śan?}
549 870 1010 911 {kuź tui̭-pomse džeńje̮dni̮,}
499 930 967 971 {5. paśki̮d tui̭se̮ vekńe̮dni̮,}
551 990 963 1030 {paśki̮d tui̭se̮ vekńe̮dni̮,}
550 1050 959 1091 {śe̮ki̮d nopse̮ kokńe̮dni̮,}
548 1111 880 1152 {una sodse̮ li̮d̕ji̮ni̮,}
549 1171 969 1210 {una pa₍t̕śi̮ś ńa̭ń śoi̭ni̮,}
488 1230 943 1270 {10. una je̮zse̮ vi₍d̕źe̮dli̮ni̮,}
547 1289 1023 1330 {una je̮zli̮ aśte̮ petke̮dli̮ni̮?}
551 1425 989 1464 der nimmt mich nicht,
551 1484 1104 1524 der aber, den ich nicht will.
488 1544 898 1577 15. der nimmt mich!»
782 1686 854 1715 10.\1\
245 1761 577 1798 Ach armer Hans,
245 1819 770 1859 wohin schickst du dich an,
246 1879 780 1912 wohin rüstest du dich aus?
246 1939 982 1980 Etwa einen langen weg zu verkürzen,
195 2000 929 2040 5. einen breiten weg zu verschmälern,
246 2060 930 2100 einen breiten weg zu verschmälern,
246 2120 986 2160 den schweren quersack zu erleichtern,
247 2181 1389 2222 manche stufe zu zählen [d. h. in manches haus zu gehen],
245 2241 884 2280 aus manchen öfen brot zu essen,
184 2300 733 2339 10. viele menschen zu sehen,
246 2361 878 2401 vielen menschen dich zu zeigen?
286 2475 1077 2512 \1\ Den rekruten von den mädchen gesungen.
