1843 2981
947 267 1108 297 136 —
368 359 1659 401 {mei̭am ponle̮ śetin ńa̭ńte̮? e̮ni sija mei̭am be̮ri̮ś oz ńin mun.» mort}
368 420 1657 462 {šuis: »me eg te̮d, šte̮ tei̭ad ponmi̮s.» ve̮rsa šuis: »vid̕ź sije̮ ponse̮ i}
370 480 654 521 {verd; pon bur.»}
988 562 1039 593 58.
787 628 1241 661 {ve̮rsale̮n svad̕bai̮s.}
471 705 1656 747 {mort uźme̮t̕śis ve̮ri̮n. bi tol̕ke̮ pestis i voi̭is sija dine̮ mort}
369 765 1655 808 {(sija ve̮rsa ve̮le̮ma) i viśtalis sile̮: »te mun eti̮ś, vešśi̮ i̮le̮·ži̮k! eti me̮-}
368 826 1654 860 {das munni̮ mii̭an svad̕ba.» mort vešśis me̮dlae̮. me̮dis munni̮ svad̕ba:}
368 886 824 927 {šumite̮ne̮ i vḙrse̮ t̕śege̮ne̮.}
987 978 1037 1006 59.
837 1042 1184 1083 {ru₍t̕śa ke̮i̭ina.\1\
471 1120 1656 1162 {kor-ke̮ te̮li̮n rut̕ś da ke̮i̭in ve̮₍t̕śisni̮ kerkajas: rut̕śle̮n kerkai̮s ve̮-}
369 1180 1655 1222 {le̮ma ji̮i̮ś, ke̮i̭inle̮n pui̮ś. tuli̮s voi̭is: rut̕śle̮n kerka si̮lis, rut̕ś kerka-}
367 1304 1653 1344 das [gesegnete] brot gegeben? Jetzt zieht er nicht mehr hinter
368 1364 1654 1406 mir her.» Der mann sagte: »lch habe nicht gewusst, dass es dein
366 1424 1652 1466 hund war.» Der waldgeist sagte: »Pflege diesen hund da und füt-
367 1484 908 1524 tere ihn; der hund ist gut.»
985 1573 1035 1602 58.
616 1638 1401 1679 Des waldgeistes hochzeitszug.
470 1714 1655 1749 Ein mann blieb die nacht über im walde. Kaum hatte er
365 1774 1650 1816 das feuer angezündet, da kam zu ihm ein mann heran (das war
364 1834 1651 1877 ein waldgeist) und sagte zu ihm: »Geh fort von hier, weiche wei-
363 1895 1650 1937 ter aus! Hier beginnt [gleich] unser hochzeitszug vorbeizuziehen.»
365 1954 1642 1997 Der mann zog sich zurück an einen anderen platz. Es begann
363 2015 1648 2055 der hochzeitszug vorüberzuziehen: sie toben und treten den wald
364 2075 790 2116 nieder [wo sie gehen].
984 2159 1034 2187 59.
698 2224 1310 2257 Der fuchs und der wolf.
467 2301 1652 2342 Einmal im winter bauten [sich] ein fuchs und ein wolf hüt-
361 2361 1649 2400 ten: die hütte des fuchses war aus eis, die des wolfes aus holz.
465 2448 1651 2489 \1\ Ein bei Rogov Ontrz rpannarnkn nepnnnnaro asnka p. 1ä8—
364 2499 1311 2537 150 gedrucktes märchen, in's luzische transskribiert.
