1797 2942
712 254 861 281 — 41 —
261 345 1439 388 {aski t̕śḙt̕t̕śasni̮. ke̮t̕ś kutas pe̮žaśni̮. rut̕ś pat̕t̕śeras mi̮i̭ke̮ »kuž-}
159 406 1440 449 {kaž» keras. »ru₍t̕śe̮ t̕śoje̮, on-e̮ menśi̮m pijane̮s śoi̭?» »og, og, nopji̮n}
157 466 1441 512 {ve̮li kos ńa̭ń-tor; sije̮s śoji.» ke̮t̕ś vi₍d̕źe̮dlis: pijanse̮ i śoje̮ma! ke̮t̕ś}
158 526 1441 570 {kutas vidni̮: »mi̮ja śojin menśi̮m pijanse̮!» rut̕ś šue̮: »me i aśte̮}
158 589 677 630 {ve̮tla!» rut̕ś i ve̮tlas ke̮₍t̕śe̮s.}
261 648 923 690 {ke̮t̕ś munas ju dore̮ i kutas be̮rdni̮:}
567 743 911 784 {»te̮li̮n» pe̮ »li̮mjale̮:}
569 803 917 844 {ta mi₍t̕śa ju dori̮n,}
569 863 904 904 {ta gaža vid̕ź vi̮li̮n}
568 923 928 964 {tabja koke̮i̭ ki̮nme!»}
261 1015 1443 1058 {oš ki̮le̮ma lokte̮: »ke̮₍t̕śe̮ t̕śoje̮, mi̮i̭ be̮rdan?» »ru₍t̕śi̮d ve̮d ve̮tlis!»}
158 1075 1441 1118 {»lok meke̮d, munam, be̮r ve̮tlam sije̮s!» naje̮ munisni̮. rut̕ś ad̕d̕źis}
160 1139 279 1172 {i šuis:}
262 1283 1439 1326 Am morgen stehen sie auf. Der hase beginnt brot zu backen.
160 1343 1442 1381 Der fuchs zerknabbert etwas auf dem ofen. »Fuchs, mein schwe-
159 1404 1439 1445 sterlein, du frissest doch wohl nicht meine kinder?» »Nein, nein,
158 1464 1442 1506 in [meinem] quersack hatte ich trockene brotstückchen; die habe
157 1525 1443 1566 ich gegessen.» Der hase untersuchte [es]: die kinder hatte er
157 1585 1440 1627 ja gefressen! Der hase beginnt zu schimpfen: »Warum hast
158 1645 1442 1686 du mir meine kinder gefressen?» Der fuchs sagt: »lch werde
159 1705 1440 1746 dich auch selber verjagen!» Und der fuchs verjagt den hasen
160 1767 365 1799 denn auch.
262 1825 1440 1867 Der hase geht an das ufer des flusses und fängt an zu
158 1887 293 1927 klagen:
362 1955 829 1988 »Im winter fällt schnee:
363 2015 966 2055 am ufer dieses schönen flusses,
363 2075 868 2108 auf dieser lieblichen wiese
363 2135 995 2168 erfrieren meine krummen läufe!»
261 2238 1442 2279 Ein bär, der [das weinen] gehört hatte, kommt herzu: »Häs-
158 2297 1442 2337 chen, mein schwesterlein, was weinst du?» »Der fuchs hat mich ja
158 2358 1439 2400 vertrieben!» »Komm mit mir, lass uns hingehen, wir jagen ihn
156 2418 1440 2460 wieder weg!» Sie gingen. Der fuchs sah [sie kommen] und sprach:
