1803 2937
972 253 1098 282 224 —
964 368 1037 397 21.\1\
684 441 1023 484 {i̮li̮n, i̮li̮n va sajin}
681 503 1000 536 {vi̮l̕ sle̮be̮da ti̮dale̮.}
682 563 914 597 {vi̮l̕ sle̮be̮daas}
682 624 1056 665 {gaža gorńit̕śa vi̮jim.}
634 685 970 725 {5. gaža gorńit̕śaas}
685 745 999 779 {tom že̮i̭ de̮va ole̮.}
684 806 1005 847 {tom že̮i̭ de̮vai̮sle̮n}
684 867 1053 909 {tom že̮i̭ ni̮li̮s vi̮jim.}
684 928 972 967 {tom že̮i̭ ni̮li̮sle̮n}
621 989 1150 1029 {10. roža vi̮las ale̮i̭ vir vorse̮:}
683 1050 1192 1090 {ńe-ki̮ś se₍tše̮mse̮ on ad̕d̕źiv;}
682 1110 1291 1143 {ńe-te̮kmi̮-šte̮ ad̕d̕źivni̮ śinme̮n —}
683 1170 1203 1212 {ńe-ki̮ś vesig on ki̮vli̮ pel̕e̮n!}
684 1230 1142 1272 {vež lud vi̮le̮ petas — da}
981 1374 1031 1402 21.
428 1437 1010 1478 Weit, weit jenseits des flusses
429 1498 999 1531 ist die neue slobode sichtbar.
430 1558 842 1591 In der neuen slobode
428 1618 847 1651 ist eine heitere stube.
379 1678 948 1711 5. In der heiteren stube aber
429 1738 906 1778 wohnt eine junge witwe.
430 1798 849 1838 Die junge witwe aber
428 1857 874 1897 hat eine junge tochter.
430 1917 1288 1958 Auf den wangen des jungen mädchens aber
368 1977 1127 2017 10. spielt das purpurne rot [eig.: blut]:
431 2037 1061 2078 nirgends siehst du ihresgleichen;
431 2096 1653 2137 nicht nur dass [eine solche wie sie] mit den augen [nicht] zu
1188 2157 1423 2189 sehen ist —
431 2217 1600 2258 du hörst [von einer solchen] sogar nirgends mit den ohren!
431 2277 1146 2318 Sie geht auf die grüne wiese — und
470 2363 1654 2403 \1\ Die erzählerin — eine ustsysolskerin — hörte dieses lied im j
370 2414 1653 2455 1878 im dorfe Ustkulom (syrj. Kulem-din) an der oberen Vyčegda.
368 2464 1498 2507 Daher: vi̮jim (z. b, in der zeile A), vesig (z. 13), etja (z. 19.
