1805 2972
695 296 867 325 — 285 —
152 388 1130 431 15. me̮di̮ś tai̭ sije̮ voas da t̕śužjas da šebraste̮ nuas:}
215 449 1111 492 {»ki̮z ruškujas ti una śojanni̮d da una juanni̮d,}
218 510 1314 552 {tijanli̮» pe̮ »kole̮ una ke̮m-kot da paś-ke̮m, śoi̭ni̮ da juni̮!»}
216 571 650 612 {šondi-bane̮i̭, matuškae̮i̭!}
216 632 751 673 {pe̮žalan tai̭ te t̕śe̮ski̮d ńa̭ńse̮,}
153 691 844 733 {20. da a₍t̕śi̮d on śoi̭: mijane̮s verdan,}
219 751 822 789 {kod-ke̮ ke̮ ted śetas t̕śe̮ski̮d torse̮,}
221 810 1222 852 {te tai̭ on ube̮l̕it vomad asli̮d śui̭ni̮ se̮: mijanli̮ vajan,}
227 871 942 911 {kol̕in tai̭ te mene̮ śe̮d, pemi̮d ve̮r še̮re̮!}
218 931 1108 973 {me tai̭ ted ve̮₍t̕śa ve̮li, da bi̮dse̮n bur da mi₍t̕śa,}
156 991 1115 1032 {25. tali̮ tai̭ me ve̮₍t̕śa, da bi̮dse̮n ńe-noge̮n ve̮₍t̕śe̮ma!}
219 1051 657 1090 {šondi-bane̮i̭, matuškae̮i̭!}
223 1110 962 1151 {ki̮d̕źi ne̮ me kuta nem-ponse̮ džeńje̮dni̮,}
222 1170 879 1207 {kodi ne̮ sud̕t̕śi̮te̮m te̮lkse̮ te̮lkme̮dni̮?}
221 1230 888 1269 {te ke̮ eśke̮n ve̮lin, bi̮d tor le̮śi̮d ve̮li.}
160 1366 1442 1406 15. das zweite mal kommt sie und stösst [uns schon] mit dem fuss
579 1427 1440 1467 und nimmt die decke weg [indem sie sagt]:
224 1486 1442 1528 »Mit eueren grossen bäuchen esst ihr viel und trinkt ihr viel.
224 1547 1443 1588 viele schuhe und kleider, speise und trank soll für euch dasein!»
227 1608 882 1645 Mein sönnchen, mein mütterchen!
228 1668 893 1707 Gute brote backtest du allerdings,
162 1727 1112 1767 20. aber selbst assest du nicht: uns speistest du.
228 1787 912 1827 Wenn dir jemand süssigkeiten gab,
227 1846 1445 1887 so brachtest du es nicht übers herz sie in den eignen mund
771 1907 1444 1946 zu stecken, uns brachtest du [sie].
229 1966 1447 2005 Ja, du liessest mich inmitten eines schwarzen, finstern waldes
985 2027 1126 2059 zurück!
230 2086 1444 2127 Wenn ich dir etwas machte, war alles [deiner meinung nach]
987 2147 1278 2187 gut und schön,
166 2205 1449 2247 25. wenn ich aber dieser [stiefmutter etwas] mache, so ist nichts
988 2266 1315 2298 nach ihrem sinn!
234 2307 874 2345 Mein sönnchen, mein mütterlein!
233 2367 1101 2407 Wie darf ich mir hinfort die zeit verkürzen,
234 2426 1296 2461 und wer wird meinen unzureichenden verstand leiten?
234 2488 934 2529 Wenn du da wärest, wäre alles gut.
