1807 2937
706 242 877 271 — 65 —
146 334 1433 376 {da ve̮t̕t̕śas: tupi̮l̕ pe̮re̮ ke̮ine̮. ke̮in šuas: »ni̮le̮, ni̮le̮, lok, me vi̮le̮}
149 395 816 436 {pukśi̮! me tene̮ bośta strapka vi̮le!»}
251 455 1434 496 {mami̮s šuas še̮r-kos ni̮vli̮: »mun, te petal! t̕śḙl̕a̭d̕jas dine̮ sije̮}
149 515 1434 557 {i̮lali!» sije̮ petas. bara še̮vk-tupi̮l̕ ge̮gi̮t̕t̕śe̮. si̮le̮n veži̮s petas, še̮vk-}
149 575 1431 617 {tupi̮l̕ be̮rśa ve̮t̕t̕śas da ve̮t̕t̕śas. še̮vk-tupi̮l pe̮re̮ ke̮ine̮. ke̮in šuas:}
149 636 932 677 {»lok, me vi̮le̮ pukśi̮, meni̮m strapka vi̮le!»}
253 696 1440 737 {mami̮s i̮stas med i̮₍dži̮d ni̮vse̮. »mun, te petal! sije̮ i̮lalis t̕śḙl̕ad̕}
151 756 1434 797 {dine̮.» sije̮ petas, da bara še̮vk-tupi̮l̕ ge̮gi̮t̕t̕śe̮. še̮vk-tupi̮l̕ be̮rśa ve̮t̕t̕śas}
152 816 765 856 {da ve̮t̕t̕śas: še̮vk-tupi̮l̕ pe̮re̮ ke̮ine̮.}
254 875 1434 917 {ke̮in nualis gorte̮, sije̮jase̮s tše̮ktas kerka vi̮las kai̭ni̮, nali̮ śetas}
152 934 1435 978 {mal̕i₍t̕śajas vurni̮. seśśa kutasni̮ naje̮ kujime̮n vurśi̮ni̮. seśśa med}
151 995 1436 1037 {i̮₍dži̮d ni̮li̮s śuas: »t̕śoi̭jase̮!» pe̮, »me dumai̭₍t̕śi tati̮ś ki̮d̕ź-ke̮ pi̮šji̮ni̮!»}
152 1055 1435 1096 {— ke̮inli̮ tše̮ktisni ve̮t̕śni̮ jašśik — ambar i̮žte̮me̮s — mamli̮ med}
152 1185 1436 1226 Sie verspürt lust nach dem knäuel. Sie setzt [ihm] nach und
153 1245 1437 1287 setzt [ihm] nach: der knäuel verwandelt sich in einen wolf. Der
153 1304 1436 1346 wolf sagt: »Mein mägdlein, mein mägdlein, komm, setz dich auf
153 1365 1221 1405 meinen rücken! Ich nehme dich als köchin [zu mir]!»
258 1424 1436 1464 Die mutter sagt zu der mittelsten tochter: »Geh, mach du
151 1484 1436 1525 dich auf! Sie [die jüngste tochter] hat sich [irgendwo] bei [ande-
154 1544 1436 1585 ren] kindern vergessen!» Sie macht sich auf. Wieder rollt ein
155 1605 1437 1646 seidenknäuel [den weg entlang]. Sie hat lust [darauf], hinter dem
154 1664 1438 1697 seidenknäuel läuft sie her und läuft. Der seidenknäuel verwan-
158 1724 1438 1765 delt sich in einen wolf. Der wolf sagt: »Komm, setz dich auf
160 1785 1179 1825 meinen rücken, [damit du] meine köchin [werdest]!»
262 1845 1438 1882 Die mutter schickt ihre älteste tochter aus. »Geh, mach du
157 1904 1439 1945 dich auf! Sie [die mittelste tochter] hat sich zu [anderen] kin-
156 1964 1438 2005 dern verirrt.» Sie macht sich auf, und abermals rollt [den weg
158 2024 1439 2064 entlang] ein seidenknäuel. Sie läuft und läuft hinter dem seiden-
157 2084 1325 2117 knäuel her: der seidenknäuel verwandelt sich in einen wolf.
260 2144 1439 2184 Der wolf entführte [sie alle zu sich] nachhause, heisst sie
156 2204 1438 2244 auf das dach klettern, gibt ihnen elentierpelze zu nähen. Diese
156 2264 1439 2305 fangen dann zu dreien zu nähen an. Darauf sagt die älteste
158 2323 1439 2363 tochter: »Meine schwesterlein! Ich habe herausgefunden, wie man
159 2383 1441 2424 von hier wegkommen kann!» — Sie lassen den wolf eine kiste —
157 2443 1441 2484 von der grösse eines speichers — machen, damit sie der mutter
1319 2504 1335 2529 5
