1793 2957
922 292 1117 320 — 16 —
480 385 1661 428 {184. śe̮d ve̮r še̮ri̮n jurte̮m pi̮vśan (od: kerka). — pes-t̕śipas.}
376 445 565 478 {ker-t̕śuke̮r.}
480 506 1663 549 {185. śe̮d ve̮r še̮ri̮n jurte̮m (od: pel̕te̮m) pon uvte̮. — pes}
376 567 522 600 {kerale̮m.}
480 629 1664 671 {186. śoi̭-gui̮ś leptasni̮, sarske̮i̭ mestae̮ puktasni̮, rot̕ś gore̮n}
375 690 1052 731 {gorze̮, totarajas ki̮vze̮ni̮. — dži̮njan,}
480 750 1575 790 {187. śo-koka, śurs-koka, da st̕en-berdte̮g oz sulav. — ros.}
481 811 1162 851 {188. zalavkai̮n ge̮rd kukań. — ki̮v.}
480 872 1661 913 {189. zalavka ti̮r bai̭de̮g (od: je₍dži̮d kol̕k, od: je₍dži̮d t̕śipan).}
375 932 512 973 {— piń,}
480 993 1477 1034 {190. zore̮d dori̮n e̮š tše̮ge̮de̮ni̮. — ti̮ra t̕śe̮rs i kud̕e̮l̕.}
480 1053 1661 1095 {191. zur zar śujan, l̕us l̕as ki̮skan. — t̕śepńae̮n va lepte̮m.}
480 1115 1664 1155 {192. še̮r-kos še̮r-kos pon, ńe̮t̕t̕śi̮d oz uvt oz murav, da ńe-kode̮s}
375 1174 719 1208 {oz led̕ź. — toman,}
480 1313 1662 1355 184. Inmitten eines finsteren waldes eine badestube (od.:
374 1374 1533 1414 ein haus) ohne dach. — Der holzstoss. Der balkenhaufen.
480 1435 1662 1475 185. Inmitten eines finsteren waldes bellt ein kopfloser (od.:
375 1495 1039 1536 tauber) hund. — Das holzhacken.
480 1555 1661 1595 186. Aus einer lehmgrube heben sie [es] auf, an einen kö-
375 1615 1661 1657 niglichen platz setzen sie es, mit eines russen stimme ruft es, die
374 1676 1223 1717 tataren hören auf es. — Die kirchenglocke.
480 1736 1661 1777 187. Hundertfüssig, tausendfüssig, bleibt aber nicht stehen,
373 1796 1662 1837 wenn du es nicht an die wand lehnst [eig.: ohne wand]. — Der
374 1857 484 1890 besen.
479 1916 1528 1956 188. In der banktruhe ein rotes kalb. — Die zunge.
479 1976 1661 2017 189. Eine banktruhe voll schneehühner (od.: weisser eier,
375 2037 1064 2078 od.: weisser hühner). — Die zähne.
478 2096 1662 2130 190. Beim heuschober mästen sie einen ochsen. — Die volle
374 2158 791 2198 spindel und die hede.
478 2216 1662 2259 191. Heftig stupfend steckst du's hinein, langsam ziehst
375 2277 1660 2319 du's heraus. — Das emporziehen des wassers mit dem brun-
374 2339 552 2371 neneimer.
479 2397 1661 2440 192. Ein ganz mittelgrosser hund, er bellt nicht noch knurrt
373 2458 1480 2504 er je, aber er lässt auch niemanden ein. — Das schloss.
