1805 2943
692 280 884 310 — 233 —
518 374 918 414 {»pe̮drugae̮i̭, pe̮drugae̮i̭,}
517 433 972 473 {matuškae̮i̭ ke̮ ve̮d ki̮vlas,}
519 494 903 535 {pe̮l̕itsae̮ i pukśe̮das!»}
762 626 813 656 25.
519 701 1012 740 {bur mame̮i̭ pe̮ bur mame̮i̭,}
518 760 946 800 {komi̮n arśa̭ń kol̕in da!}
517 820 886 859 {kal̕an kuti kuritni̮,}
518 879 817 920 {kuri̮d kuti juni̮,}
469 939 898 979 {5. ni̮vjas be̮rśa ve̮tli̮śni̮.}
517 999 956 1040 {ni̮vjas mene̮ oz śibe̮dni̮,}
517 1060 912 1101 {gorti̮n ovni̮ ńa̭ń abu,}
517 1120 876 1160 {mue̮ pi̮rni̮ roź abu,}
516 1179 912 1220 {jenme̮ kai̭ni̮ pos abu,}
457 1240 854 1280 {10. vae̮ pi̮ra — pe̮da,}
517 1298 863 1339 {ve̮re̮ kaja — voša,}
518 1358 956 1400 {pue̮ pi̮ra — l̕ol̕e̮ śojas!}
315 1487 948 1527 »Meine freundin, meine freundin,
314 1547 1171 1588 wenn mein mütterchen [unser treiben] hört,
314 1607 1095 1648 so bringt sie [uns] ins polizeigefängnis!»
764 1739 814 1768 25.
214 1812 744 1851 Liebe mutter, liebe mutter,
213 1872 1251 1913 als ich dreissig jahre vollendet, verliessest du [mich]!
214 1932 874 1973 Die pfeife begann ich zu rauchen,
214 1992 823 2033 schnaps begann ich zu trinken,
215 2053 854 2085 hinter den mädchen herzulaufen.
216 2112 1138 2152 Die mädchen lassen mich nicht [mehr] zu sich,
213 2172 933 2210 um daheim zu sein ist kein brot da,
216 2227 1137 2272 um in die erde hineinzugehen ist kein loch da,
215 2291 1192 2324 um in den himmel zu klettern ist keine leiter da!
215 2351 919 2389 Gehe ich ins wasser — ersticke ich,
213 2410 1031 2450 gehe ich in den wald — verirre ich mich,
213 2469 1430 2511 gehe ich in einen baum hinein — frisst [mich] ein weichtier!
