1824 2976
908 301 1102 330 — 276 —
737 395 1151 436 {i̮₍dži̮d naže̮tka vaji̮śe̮i̭!}
733 455 1149 496 {paśki̮d-pokosta vi₍d̕źe̮i̭,}
685 517 1078 556 {5. i̮₍dži̮d-adasa mue̮i̭,}
734 578 1128 618 {bur vevt uli̮n ole̮me̮i̭!}
732 638 1207 680 {jurte̮m kiśśe̮m pe̮varńa̭jas}
735 700 1176 739 {kol̕ime̮, vevt ńi vu₍dže̮r!}
734 760 1160 802 {ki̮₍d̕źi mu še̮ri̮n maje̮g,}
674 821 1176 862 {10. potšte̮m je̮r kod̕ ole̮mi̮s!}
736 881 1254 921 {vevt ńi vu₍dže̮r, ńine̮m abu!}
733 942 956 975 {šondi-bane̮i̭!}
734 1003 1123 1044 {t̕śe̮ski̮d śoje̮m-jue̮me̮i̭,}
735 1064 1226 1103 {bur muži̮ke̮i̭ dini̮n ole̮me̮i̭,}
672 1125 1141 1164 {15. bi̮tse̮n tai̭ e̮ni kol̕e̮ma,}
737 1185 1050 1218 {tol̕ko e̮ni kol̕e̮ma}
734 1246 1162 1286 {šuan-tor da ve̮i̭pan-tor,}
734 1306 1166 1339 {kol̕e̮ma: »l̕ok de̮va-šoi̭!»}
737 1366 1132 1405 {ti̮r ńime̮n t̕śuke̮sti̮śe̮i̭,}
427 1495 1253 1535 du beschaffer grossen verdienstes an geld!
428 1554 1512 1594 Ach meine wiesen, in denen breite sensenspuren waren,
380 1614 1500 1655 5. ach meine äcker, auf denen grosse sichelspuren waren,
427 1675 1195 1715 ach mein leben unter dem guten dach!
427 1734 1304 1773 Wie dachlose, zerfallene badestubenvorräume
426 1794 1623 1835 blieben wir [witwe und kinder], — kein dach, keinen schutz
1186 1855 1434 1896 [gibts mehr]!
426 1915 1384 1955 Wie mitten auf dem felde eine [einsame] stange,
366 1975 1295 2015 10. wie ein zaun ohne stecken ist [mein] leben!
429 2035 1314 2074 Kein dach, keinen schutz gibts mehr, nichts!
427 2095 722 2127 Mein sönnchen!
427 2154 963 2191 Süss ass ich und trank ich,
430 2214 1183 2253 lebte an der seite eines guten mannes,
365 2274 1173 2316 15. jetzt ist alles das gewesen und dahin,
428 2334 783 2376 jetzt ist nur übrig
426 2393 1235 2435 allerlei gerede und geklatsch [über mich],
426 2454 1074 2495 ist nur übrig: »böses witwenaas!»
427 2514 1481 2554 Du, der du mich mit meinem vollen namen nanntest,
