1831 2967
892 236 1085 265 — 168 —
448 328 1632 372 {219. vila ji̮las ńa̭ń-šome̮s, ńa̭ń-šome̮s ji̮las krest, krest ji̮las}
344 389 860 429 {šiźi̮m-roźa kašńik. — mort.}
447 451 1630 493 {220. vit̕t̕śik val̕t̕śik sa gez ki̮śśe̮, kabak suvte̮. — jur ki̮skale̮m.}
448 512 1497 553 {221. vit vok i̮tške̮, vit t̕śoi̭ kurte̮. — vit t̕śuń kijasle̮n.}
448 573 1632 615 {222. voi̭de̮r petas śe̮d me̮s, seśa petas je₍dži̮d me̮s, ge̮rd me̮ski̮s}
345 632 714 666 {kol̕e̮. — tši̮n da bi.}
449 694 1628 737 {223. voja voja »šit̕ś rat̕ś», luna luna »d̕źurk d̕źirk». — jukme̮s.}
452 754 1528 796 {224. vut̕t̕śim vat̕t̕śim lokte̮, te uśan, me uśa. — i̮tške̮m.}
876 908 1104 946 D. Sysola.
910 977 1069 1017 (Kunib.)
447 1064 1107 1098 {225. be̮be̮ kos t̕śeri ne̮bale̮. — śor.}
449 1124 1578 1166 {226. bie̮n oz sot̕t̕śi̮, vae̮ oz ve̮i̭, t̕śere̮n oz keraś. — vu₍dže̮r.}
448 1185 1122 1226 {227. bi̮d terkai̮n oš-jur. — sol-doz.}
447 1245 1167 1288 {228. bi̮d terkai̮n oš-lapa. — pat̕ś-li̮s.}
449 1367 1631 1411 219. Auf einer forke ein backtrog, auf dem backtrog ein
344 1427 1632 1469 kreuz, auf dem kreuze ein grütztopf mit sieben löchern. — Der
344 1487 491 1519 mensch.
448 1547 1630 1590 220. Schwankend und wankend dehnt sich ein russiger strick,
345 1606 1629 1649 die kneipe erhebt sich. — Das hineinziehen der heuhaufen [in den
344 1666 984 1708 schober mit hülfe eines strickes].
448 1727 1631 1766 221. Vier brüder mähen, fünf schwestern harken. — Die
345 1786 773 1827 fünf finger der hande.
446 1848 1631 1888 222. Zuerst geht eine schwarze kuh hinaus, dann geht eine
343 1907 1631 1947 weisse kuh, die rote kuh bleibt [drinnen]. — Der rauch und das
344 1967 446 1998 feuer.
445 2026 1629 2067 223. Nachts ist es ganz still, tags knarrt es. — Der brunnen.
446 2087 1628 2125 224. Es kommt wankend schwankend, du fällst, ich falle.
342 2146 675 2179 — Die heumahd.
446 2206 1628 2247 225. Ein einfältiger trägt trockene fische. — Der sparren.
445 2266 1631 2307 226. Es verbrennt nicht im feuer, geht nicht im wasser
342 2325 1526 2367 unter, mit dem beil geht es nicht entzwei. — Der schatten.
446 2387 1542 2428 227. In jedem hause ein bärenkopf. — Das salzgefäss.
445 2447 1567 2487 228. In jedem hause eine bärentatze. — Der ofenwisch.
