1803 2953
982 252 1109 281 244 —
546 410 609 442 Ir.
528 529 609 561 IIr.
547 651 610 683 Ir.
528 773 610 805 IIr.
547 895 610 926 Ir.
528 1015 611 1047 IIr.
547 1137 610 1169 Ir.
528 1258 610 1290 IIr.
672 345 1249 387 {15. oi̭d̕iglada kutalad, kutalad?}
737 406 1357 449 {mi pe̮ kutalam ti̮vjase̮n, ti̮vjase̮n,}
737 466 1247 508 {oi̭d̕iglada ti̮vjase̮n, ti̮vjase̮n.}
736 526 1307 569 {mi pe̮ ve̮d i ore̮dlam, ore̮dlam,}
739 588 1256 629 {oi̭d̕iglada ore̮dlam, ore̮dlam!}
671 649 1267 691 {20. mi̮je̮n že̮ ti ore̮dlad, ore̮dlad,}
738 709 1238 751 {oi̭diglada ore̮dlad, ore̮dlad?}
738 771 1416 813 {mi pe̮ ore̮dlam purtjase̮n, purtjase̮n,}
738 832 1312 874 {oi̭d̕iglada purtjase̮n, purtjase̮n!}
737 893 1322 934 {mi pe̮ ve̮d i ńe̮balam, ńe̮balam,}
670 953 1269 993 {25. oi̭d̕iglada ńe̮balam, ńe̮balam!}
737 1013 1285 1056 {mi̮je̮n že̮ ti ńe̮balad, ńe̮balad,}
733 1073 1247 1116 {oi̭d̕iglada ńe̮balad, ńe̮balad?}
737 1135 1402 1176 {mi pe̮ ńe̮balam śo šai̭te̮n, śo šai̭te̮n,}
736 1196 1298 1236 {oi̭d̕iglada śo šai̭te̮n, śo šai̭te̮n!}
672 1256 1380 1297 {30. mijanli̮ pe̮ śo šai̭t oz kov, oz kov,}
741 1316 1355 1356 {oi̭d̕iglada śo šai̭t oz kov, oz kov!}
521 1462 1447 1503 15. he, juchhe, fangt ihr sie, fangt ihr sie ein?»
394 1523 1543 1563 Ir. »Wir fangen sie mit den netzen, mit den netzen,
583 1582 1539 1622 he, juchhe, mit den netzen, den netzen sie ein!»
376 1642 1445 1683 IIr. »Wir reissen [die netze] entzwei, reissen sie,
585 1702 1435 1741 he, juchhe, reissen sie, reissen sie entzwei!»
394 1762 1381 1802 Ir. 20 »Womit reisst ihr entzwei sie, reisset sie,
581 1822 1414 1862 he, juchhe, reisset ihr, reisst ihr entzwei?»
376 1882 1597 1922 IIr. »Wir reissen sie mit den messern, mit den messern,
584 1942 1664 1981 he, juchhe, mit den messern, mit den messern entzwei!»
395 2003 1471 2044 Ir. »Wir kaufen wieder [neue netze], wir kaufen,
518 2063 1298 2103 25. he, juchhe, wir kaufen, wir kaufen!»
375 2123 1374 2162 IIr. »Wofür aber kauft ihr sie, kauft ihr sie,
582 2183 1376 2222 he, juchhe, kauft ihr sie, kauft ihr sie?»
395 2243 1449 2283 Ir. »Wir kaufen sie für hundert rubel, ja rubel.
584 2303 1376 2343 he, juchhe, für hundert rubel, ja rubel!»
376 2363 1662 2404 IIr. s0. »Hundert rubel brauchen wir nicht, brauchen wir nicht,
586 2422 1630 2463 he, juchhe, brauchen wir nicht, brauchen wir nicht!»
