1830 2963
726 271 830 299 — 71
791 391 840 421 24.
614 466 1018 508 {di̮š poma i rut̕ś,}
277 554 1455 596 {olasni̮ vi̮lasni̮ starik gozja. nale̮n ve̮li e̮t̕ik pi, di̮š poma}
171 615 1457 657 {sije̮ vek pat̕t̕śe̮r vi̮li̮n kuile̮. e̮t̕t̕śi̮d mami̮s šue̮: »poma. poma,}
172 673 1458 716 {di̮r-e̮ ne̮ te pat̕t̕śe̮r vi̮lad kui̭lan? mun ke̮t̕, kai̭ ve̮re̮, da rut̕ś-gu kodji̮!»}
175 733 1457 777 {»kodja, tol̕ke̮ aski t̕śḙt̕t̕śi̮ da rok pu meni̮m!» mam aski t̕śḙt̕t̕śas da}
175 792 1459 837 {rok puas. poma rok śojas, ve̮re̮ kajas i kodjas rut̕ś-gu. aski kajas}
173 854 1457 896 {rut̕ś-gu dine̮, a gui̮n rut̕ś. rut̕ś šue̮: »poma, poma, led̕ź mene̮,}
174 913 1458 956 {me teni̮d i̮₍dži̮d i bur kera!» poma le₍d̕źas. gortas poma loktas}
174 973 1460 1014 {da mami̮sli̮ šuḙ: »mame̮, mem rut̕ś ve̮li šede̮ma, da zev i̮₍dži̮d bur}
176 1034 1242 1076 {ke̮sje̮ kerni̮, da i le₍d̕źi. poma bara pat̕t̕śe̮r vi̮le̮ vodas.}
279 1092 1461 1136 {a rut̕ś kajas śe̮d ve̮r še̮re̮ da zev jona kutas vosni̮. set̕t̕śe̮ ke̮i̭in}
176 1153 1460 1195 {loktas da i šue̮: »ru₍t̕śe̮ t̕śoje̮, mi̮i̭ ne̮ te vosan?» »me poma ordi̮n}
792 1296 843 1325 24.
392 1371 1245 1403 Der faule homas und der fuchs.
281 1454 1459 1488 Es war einmal ein mann und eine frau. Sie hatten einen
174 1514 1460 1556 sohn, den faulen homas. Er liegt immer nur träge auf dem
179 1574 1463 1617 ofen. Einmal sagt seine mutter: »homas, homas, wie lange
180 1634 1462 1676 liegst du denn auf dem ofen? Geh doch wenigstens in den wald
179 1695 1464 1736 und grabe eine fuchsgrube!» »Gewiss, die grabe ich, steh du nur
178 1755 1462 1796 morgen früh auf und koche mir grütze!» Die mutter steht am
180 1814 1463 1856 folgenden morgen auf und kocht grütze. homas isst die grütze,
179 1874 1464 1915 geht in den wald und gräbt eine fuchsgrube. Am nächsten tage
179 1933 1464 1975 geht er zu der fuchsgrube, und in der grube ist ein fuchs. Der
185 1993 1464 2034 fuchs sagt: »homas, homas, lass mich heraus, ich tue dir einen
180 2054 1465 2095 sehr grossen dienst!» homas lässt [den fuchs] laufen. homas
177 2114 1465 2155 kommt zuhause an und sagt zu seiner mutter: »Liebes mütter-
178 2174 1466 2215 chen, ich hatte einen fuchs gefangen, aber er will [mir] einen sehr
178 2234 1465 2275 grossen dienst leisten, und da liess ich [ihn] laufen.» homas legt
176 2294 821 2327 sich wieder auf dem ofen nieder.
284 2354 1464 2395 Der fuchs aber geht mitten in den finsteren wald und be-
179 2414 1463 2455 ginnt sich heftig zu erbrechen. Herzu kommt ein wolf und sagt:
178 2474 1468 2512 »Fuchs, mein schwesterlein, was erbrichst du dich denn?» »lch
1236 2618 1241 2637 i
