1812 2948
775 260 879 315 91 —
153 365 1445 410 {i śibdi. seki meni̮m jur vi̮le̮ pozjalis turi. e̮t̕t̕śi̮d me turili̮ kut̕t̕śi̮śi}
160 426 1436 470 {kokas da sije̮ mene̮ i perjis.» — starik »kit kit!» śere̮ktis. ivan du-}
150 487 1173 534 {rak kut̕śkas starikli̮, stariki̮s kiśśas da d̕ḙńgae̮ i pe̮re̮.}
767 641 828 688 31.
643 724 954 773 {pev kuźa pi.}
255 812 1443 856 {olisni̮ vi̮lisni̮ starik gozja. stariki̮s munis ge̮rni̮, a babale̮n t̕śuži}
156 871 1442 916 {pi pev kuźa. baba pe̮žaśis da ke̮sje̮ nuni̮ mu vi̮las ńa̭ń. pev kuźa}
153 931 1443 977 {pi šuḙ: »mame̮, me bat̕i̮dli̮ nua mu vi̮las ńa̭ńte̮!» mami̮s šue̮: »ki̮d̕ź}
156 992 1445 1037 {te. pie̮i̭, nuan? te i₍t̕śi̮l̕ik da tene̮ tal̕alasni̮ ve̮vjas». no pi mi̮rde̮n}
163 1053 1443 1098 {munis. munis da munis — korke̮ vois mu vi̮le̮. bat̕i̮s ve̮li ge̮re̮. pi}
155 1114 1437 1158 {bat̕ kok-lapa vi̮las suvtis da śuis: »me» pe̮ »bat̕e̮, ted vaji ńa̭ńte̮»,}
155 1173 1437 1220 {bat̕i̮s ez te̮d, mi̮i̭ si̮le̮n t̕śuže̮ma pi i vi₍d̕źe̮dlis, kodi pe̮ śorńite̮. a₍t̕śi̮s}
156 1304 1435 1348 nest. Einmal ergriff ich den kranich bei einem bein, und da zog
162 1362 1438 1408 er mich heraus.» — Der alte lachte »hi hi!» Dumm Hänschen
152 1424 1435 1468 schlägt den alten, der alte zerfällt und verwandelt sich in geld.
1095 1482 1329 1530 (Ust̕sysol̕sk.)
767 1585 825 1633 31.
481 1669 1110 1718 Der daumenlange knabe.
266 1757 1445 1802 Es war einmal ein mann und eine frau. Der mann ging
161 1817 1441 1862 zum pflügen, und der frau wurde [inzwischen] ein daumenlanger
156 1876 1435 1922 knabe geboren. Die frau backte brote und will brot auf das feld
161 1939 1439 1981 bringen. Der daumengrosse knabe sagt: »Mein mütterchen, ich
161 1995 1436 2041 bringe dem vater das brot auf das feld!» Die mutter sagt: »Wie
165 2054 1438 2103 willst du das hinbringen, mein jüngelchen? Du bist klimperklein,
159 2118 1438 2161 und die pferde zertreten dich.» Aber der knabe ging trotzdem.
158 2177 1433 2221 Er wanderte aus allen kräften — [und] schliesslich gelangte er auf
157 2236 1438 2281 das feld. Der vater war gerade beim pflügen. Der knabe stellte
162 2296 1437 2341 sich auf des vaters fussblatt und sagte: »lch habe dir, väterchen
160 2358 1431 2401 das brot gebracht.» Der vater wusste nicht, dass ihm ein sohn
159 2416 1438 2463 geboren war und schaute hin, wer da sprach. Er sieht niemand.
155 2477 1443 2524 Er sah nach und gewahrte einen daumenlangen knaben auf
