1812 2941
791 233 829 262 23
851 249 893 253 —

168 327 265 358 liotit!»
298 336 357 365 njv
378 337 495 358 munas
519 326 560 358 da
585 337 700 358 munas
724 327 763 358 da
780 337 848 366 pan
853 326 885 358 id
902 326 987 358 loeni
1000 325 1128 366 mesjas,
1152 326 1245 366 iijas.
1282 326 1343 367 sije
1358 326 1451 366 najes

171 388 271 419 neitas
305 387 345 418 da
379 388 495 427 mitäs,
530 386 697 419 kufskalas
733 387 773 418 da
808 386 986 419 kufskalas.
1032 386 1107 426 naje
1138 386 1208 418 sid'z
1235 390 1271 419 Se
1296 387 1452 419 tSektasni

168 448 181 488 j
193 459 209 479 o
222 459 250 480 m
263 458 281 478 a
293 447 302 479 l
316 452 351 479 is
383 447 455 487 gird
485 447 582 480 kudse
610 446 724 485 bostnj.
770 446 831 487 sije
853 457 980 484 munas,
1003 457 1132 485 munas,
1157 448 1197 479 da
1222 448 1330 479 kor-ke
1352 447 1364 479 i
1387 448 1399 487 j
1411 458 1450 479 o-

168 508 309 541 malen
332 508 427 540 Iccrka
450 518 534 540 roas.
581 507 642 548 sije
666 510 760 540 seftse
782 507 886 547 piras.
920 507 1033 547 joma
1055 508 1148 540 hias:
1174 508 1234 548 »uf,
1259 508 1366 546 k/s-ke
1388 518 1451 540 me¬

171 572 189 600 ri
198 572 238 600 im
272 568 362 608 sluga
392 569 541 601 loktema!
587 579 665 600 mun
688 568 764 608 cdje,
789 571 908 609 pivsan
932 568 1036 601 lomti!
1081 573 1166 609 pesie
1188 568 1330 610 potkedlj
1350 568 1392 600 m’
1418 580 1453 601 oz

171 630 204 661 »k
210 641 226 661 и
232 632 276 667 /•>'»
299 629 336 662 ni
360 639 372 659 »
375 630 461 661 каШ
485 630 549 668 kiv,
567 640 585 660 a
608 633 756 670 pivsante
773 629 858 661 lomti
873 640 905 661 ni
932 640 967 661 oz
984 631 1012 660 ti
1017 640 1051 660 tn
1066 628 1103 661 ni
1119 639 1158 661 ru
1174 629 1257 669 pet!»
1289 633 1347 660 niv
1362 634 1452 669 pelas

170 690 211 720 da
244 701 299 729 pes
332 690 425 721 kutas
454 689 635 729 potkedlini
656 689 699 720 ■—
720 689 760 720 da
784 690 888 720 »kutfo
912 689 952 720 da
975 689 1087 722 »kaki»,
1134 692 1253 728 pivsan
1276 688 1388 720 lomtas
1412 689 1451 720 da

172 751 243 788 (iin
265 749 305 781 da
329 760 366 780 ru
391 754 469 789 pete.
504 749 517 789 j
528 760 545 781 o
559 762 589 781 m
601 761 618 781 a
643 752 762 789 pivsan
787 749 872 782 berin
894 749 950 789 sjli
972 748 1063 789 vajas
1085 749 1179 788 gerda
1203 748 1264 780 leza
1283 748 1357 782 kud.
1393 747 1454 788 sije

171 809 277 848 gerdse
301 810 404 841 boslas
428 810 466 841 da
492 814 595 849 gorlas
619 809 632 841 i
653 820 781 842 munas.
821 809 971 841 mamisli
992 819 1044 841 геѵ
1066 809 1138 841 ГиЬе
1163 809 1217 841 Іоз.
1242 809 1282 840 da
1305 808 1377 840 med
1400 819 1453 840 ne-

171 870 232 901 kod
264 880 299 902 oz
328 872 456 909 ad'd'ziv,
488 872 550 902 mit
582 870 693 910 njvlen
725 870 799 908 kud,
831 869 979 910 gcbe/sas
1010 874 1102 909 piras
1136 869 1283 908 njlisked.
1334 872 1453 901 mamis

172 930 271 963 kudse
297 935 410 970 rostos,
435 942 452 962 a
478 931 589 970 kudsjs
612 930 644 962 bi
668 935 756 971 pelas
779 931 819 962 da
842 940 962 963 mamse
984 930 997 962 i
1019 933 1111 968 njvse
1132 934 1226 961 sotas.

174 1197 226 1230 die
251 1197 356 1230 rote!»
392 1198 459 1229 Das
482 1198 647 1229 madellen
670 1197 819 1229 wandert
844 1197 912 1229 und
936 1197 1096 1235 wandert,
1121 1200 1189 1231 und
1205 1198 1276 1230 ihm
1293 1200 1454 1238 entgegen

172 1257 332 1290 kommen
366 1257 464 1295 kiihe,
498 1258 621 1289 schafe.
672 1257 767 1288 Diese
801 1257 930 1298 schlägt
962 1259 1030 1289 und
1062 1258 1189 1297 schlägt
1227 1258 1294 1290 und
1323 1258 1455 1298 prügelt

175 1318 243 1349 und
278 1318 405 1358 prügelt
432 1326 476 1350 es.
525 1318 621 1349 Diese
652 1317 781 1349 heissen
809 1317 876 1358 [sie]
903 1317 1084 1356 gleichfalls
1107 1327 1173 1350 von
1205 1318 1264 1357 der
1293 1318 1380 1357 joma
1404 1318 1456 1350 die

174 1379 248 1411 rote
272 1377 442 1410 Schachtel
476 1378 630 1410 nehmen.
676 1377 728 1409 Sie
761 1378 922 1416 wandert,
948 1379 1096 1410 wandert
1122 1380 1189 1410 und
1213 1379 1346 1417 gelangt
1370 1378 1456 1410 auch

174 1438 375 1471 schliesslich
408 1447 482 1469 zum
519 1438 602 1470 haus
637 1438 695 1477 der
727 1438 823 1477 joma.
871 1437 923 1469 Sie
955 1437 1031 1469 tritt
1065 1438 1230 1469 dahinein.
1278 1438 1338 1478 Die
1369 1438 1456 1478 joma

174 1500 264 1538 sagt:
290 1499 369 1536 »Uh,
395 1497 623 1538 irgendwoher
645 1498 686 1529 ist
715 1498 780 1537 [da]
807 1497 878 1529 eine
902 1497 1048 1530 dienerin
1065 1497 1120 1530 für
1135 1496 1224 1530 mich
1240 1498 1455 1538 gekommen!

176 1559 266 1592 Gehe
289 1559 393 1590 sofort
418 1558 474 1590 hin
503 1558 595 1599 [und]
622 1560 743 1590 wärme
767 1558 820 1590 die
848 1558 1050 1591 badestube!
1096 1558 1209 1597 Spalte
1232 1559 1318 1595 holz,
1342 1558 1456 1590 sodass

176 1619 269 1651 nicht
303 1619 363 1650 das
386 1618 515 1650 leiseste
538 1618 691 1651 knacken
714 1618 836 1650 hörbar
859 1618 951 1656 wird,
975 1620 1044 1651 und
1068 1619 1158 1650 heize
1182 1618 1234 1650 die
1257 1619 1456 1656 badestube,

175 1680 291 1711 sodass
328 1678 405 1710 kein
440 1679 541 1710 rauch
579 1678 664 1710 noch
700 1678 815 1718 dampf
848 1678 1135 1710 herauskommt!»
1191 1679 1258 1710 Das
1292 1678 1457 1710 mädchen

175 1738 255 1779 geht
284 1739 352 1770 und
376 1739 471 1777 fängt
494 1748 535 1770 an
562 1739 635 1770 holz
659 1748 698 1770 zu
723 1739 852 1778 spalten
874 1757 916 1761 —
940 1738 1082 1778 spaltete
1106 1739 1185 1770 aber
1207 1747 1254 1776 so,
1279 1739 1355 1770 dass
1379 1747 1456 1770 man

177 1800 237 1832 das
261 1799 406 1831 krachen
430 1799 526 1830 hörte
553 1799 637 1838 [eig.:
662 1818 703 1821 —
727 1800 796 1831 und
820 1799 924 1830 »kuti»
946 1799 1013 1830 und
1030 1799 1156 1838 »fca#»].
1195 1798 1255 1830 Die
1272 1798 1458 1830 badestube

178 1859 265 1891 beizt
290 1859 347 1897 sie,
372 1860 438 1891 und
464 1859 588 1891 sowohl
612 1860 714 1891 rauch
739 1859 786 1891 als
810 1859 893 1891 auch
920 1858 1036 1899 dampf
1059 1858 1159 1899 steigt
1182 1859 1249 1890 auf.
1288 1858 1348 1898 Die
1371 1858 1458 1898 joma

178 1918 290 1961 bringt
316 1920 366 1952 ihr
389 1920 474 1952 nach
500 1920 574 1951 dem
599 1919 664 1951 bad
691 1920 761 1951 eine
785 1923 856 1951 rote
881 1920 946 1951 und
973 1920 1043 1952 eine
1068 1920 1166 1951 blaue
1190 1919 1369 1951 schachte!.
1406 1917 1459 1950 Sie

179 1981 299 2012 nimmt
332 1979 384 2012 die
416 1983 487 2012 rote
520 1980 587 2011 und
620 1980 700 2019 geht
732 1978 829 2011 heim.
880 1979 938 2010 Die
967 1981 1095 2011 mutter
1117 1979 1160 2010 ist
1185 1979 1260 2010 sehr
1283 1980 1458 2017 vergnügt,

180 2041 247 2072 und
282 2040 386 2072 damit
422 2040 577 2072 niemand
609 2040 697 2078 sehe,
722 2040 798 2072 dass
827 2040 887 2071 das
910 2039 1072 2071 mädchen
1098 2039 1168 2070 eine
1194 2039 1363 2070 Schachtel
1386 2038 1458 2076 hat,

177 2101 257 2140 geht
281 2100 327 2132 sie
350 2101 412 2132 mit
437 2100 523 2131 ihrer
546 2101 678 2132 tochter
701 2099 734 2131 in
756 2100 815 2131 das
830 2099 1094 2138 kellergeschoss.
1133 2099 1193 2130 Die
1208 2100 1336 2130 mutter
1352 2097 1459 2129 öffnet

178 2160 232 2192 die
266 2161 446 2198 Schachtel,
472 2161 552 2192 aber
575 2168 636 2191 aus
660 2160 718 2191 der
740 2158 912 2191 Schachtel
934 2158 1034 2198 steigt
1059 2158 1110 2190 ein
1133 2157 1226 2189 feuer
1248 2158 1368 2190 hervor
1392 2157 1460 2189 und

181 2221 361 2252 verbrennt
384 2220 436 2253 die
459 2223 587 2252 mutter
609 2220 670 2251 wie
694 2218 746 2251 die
768 2219 910 2251 tochter.

1117 2279 1358 2319 (Usfsysofsk.)

1217 2369 1243 2391 «
