1807 2948
789 270 826 299 19
164 361 1448 403 {seśśa joma pi̮ras me̮s li̮śtan-ini̮ś. joma kutas śetni̮ pii̮sli̮ je̮v,}
168 421 1450 464 {vi₍d̕źe̮dlas, a pii̮s abu. jomai̮s dod̕jalas gi̮r ve̮v, šerdi̮n dod̕, tojin}
168 482 1449 524 {pl̕ḙt̕, ve̮tt̕śas da i suvas. seśśa pise̮ be̮r bośtas. seśśa ni̮v loktas gortas}
166 542 1450 584 {da i viśtalas bat̕i̮sli̮: »me vokte̮ vaja ve̮li, da joma be̮r pi̮šje̮dis.»}
166 604 684 646 {seśśa bat̕i̮s i̮stas me̮d t̕śoje̮s.}
270 664 1453 706 {si̮li̮ bara pani̮d lovas šańga-gruda, ńa̭ń-tupe̮ś. naje̮ t̕śe̮ktasni̮}
167 724 1450 765 {kurt̕t̕śi̮štni̮, a si̮je̮ oz kurt̕t̕śi̮št. muna·s da muna·s: si̮li̮ bara pani̮d}
168 785 1447 826 {lovas śu-kol̕ta da ri̮ni̮š, śu-kol̕ta ri̮ni̮šas t̕śe̮ktas śuji̮štni̮: si̮je̮ oz śui̭.}
167 844 1449 885 {seśśa ri̮ni̮ši̮s t̕śe̮ktas jog t̕śi̮ški̮štni̮: si̮je̮ oz t̕śi̮ški̮št. muna·s da mu-}
168 904 1450 945 {na·s: i₍t̕śe̮t kerkaad pi̮ras da i vokse̮ pi̮šje̮das. jomai̮d bara dod̕-}
167 965 1448 1006 {jalas gi̮r ve̮v, šerdi̮n dod̕, tojin pl̕ḙt̕ da i bara suvas da mi̮rdjas.}
168 1025 1454 1066 {ni̮li̮s gortas vovas da viśtalas: »me vokte̮ ve̮li vaja, da joma be̮r}
170 1085 335 1126 {pi̮šje̮dis.»}
169 1214 1451 1255 vom kuhmelken [in die stube]. Die [joma] beginnt dem knaben
170 1274 1453 1313 milch zu geben, schaut um sich, aber kein knabe ist da. Die
170 1334 1451 1374 [joma] schirrt den stampfklotz als pferd an, die worfel als schlitten,
171 1393 1452 1434 die mörserkeule [nimmt sie] als peitsche, setzt [ihnen] nach und
171 1454 1451 1494 holt [sie] ein. Darauf nimmt sie den knaben [mit sich] zurück.
173 1513 1451 1547 Dann kommt das mädchen zuhause an und erzählt seinem vater:
171 1574 1450 1615 »lch war eben dabei den bruder herzubringen, aber da riss [ihn
171 1634 1453 1675 sich] die [joma] zurück.» Da schickt der vater [seine] zweite toch-
171 1695 685 1735 ter aus [um ihn zu holen].
277 1755 1453 1795 Ihr kommen ebenfalls der roggenkuchenhaufen [und] der brot-
175 1815 1455 1856 wecke entgegen. Diese heissen [sie] ein stückchen [aus ihnen] her-
173 1875 1455 1914 auszubeissen, aber sie beisst nichts heraus. Sie wandert und wan-
174 1934 1453 1975 dert: ihr entgegen kommen ebenfalls die korngarbe und die riege.
175 1994 1451 2035 Die korngarbe heisst [sie sie] in die riege zu werfen: sie wirft [sie]
173 2054 1454 2096 nicht hin. Dann heisst [sie] die riege den kehricht [aus ihr] zu
175 2115 1454 2155 kehren: sie kehrt [ihn] nicht heraus. Sie wandert und wandert:
173 2174 1452 2216 sie tritt in die kleine hütte und führt ihren bruder [daraus] fort.
176 2234 1457 2276 Die [joma] schirrt wieder den stampfklotz als pferd, die worfel als
173 2294 1452 2336 schlitten an, [nimmt] die mörserkeule als peitsche und erreicht [sie]
174 2355 1458 2397 ebenfalls wieder und ergreift [den knaben] mit gewalt. Das mäd-
174 2415 1458 2450 chen kommt zuhause an und erzählt: »lch war eben dabei den
173 2475 1388 2518 bruder herzubringen, aber da riss [ihn sich] die [joma] zurück.»
