1807 2944
690 239 881 268 — 149 —
246 331 1044 372 {29. luna skamja, a voji̮n kalat̕ś. — pon,}
248 391 1188 432 30. mi₍t̕śa mi₍t̕śa ni̮v, da pi̮ri̮s ti̮dale̮. — gi̮mga.}
657 582 915 623 C. Vyčegda.
532 662 1032 704 (Ust̕sysol̕sk und Vyl̕gort.)
248 758 1101 800 31. a₍t̕śi̮s zev ome̮l̕, a juri̮s pud. — beźmen.}
247 818 1238 859 {32. a₍t̕śi̮s ve̮sńid̕ik da kuź, a juri̮s pud. — bežmen.}
248 879 1190 920 {33. a₍t̕śi̮s ve̮sńi ve̮sńi, śuri̮s ve̮sńi₍dži̮k. — ukvat.}
247 938 1427 980 {34. bat̕i̮s t̕śukl̕a, mami̮s ńebi̮d (od: ge̮na), pii̮s dure̮. — pet̕ś-}
144 999 467 1038 {kan, kud̕el̕, t̕śe̮rs.}
247 1059 1427 1101 {35. bi-śe̮le̮ma (od: ke̮rt-śe̮le̮ma), va-ruškua, zarńi-paśke̮ma. —}
141 1120 427 1160 {śura (same̮var).}
247 1179 1425 1220 {36. bi̮d kerkai̮n bordte̮m raka (od: ka₍tša-be̮ž). — mi̮śśan-doz.}
247 1239 911 1280 {37. bi̮d kerkai̮n bur uklad. — uv.}
247 1299 991 1340 {38. bi̮d kerkai̮n bi̮d-tor ve̮₍t̕śi̮ś. — jen,}
247 1427 1424 1469 29. ags eine bank, aber nachts eine semmel. — Der hund.
247 1487 1426 1526 30. Eine schöne, schöne maid, durch sie hindurch sieht
143 1548 512 1581 man. — Die reuse.
246 1607 1425 1649 31. Es selbst ist sehr mager, sein kopf ist aber ein pud
146 1669 677 1709 [schwer]. — Die handwage.
246 1728 1424 1769 32. Es selbst ist dünn und lang, sein kopf ist aber ein pud
146 1789 676 1829 [schwer]. — Die handwage.
246 1847 1428 1888 33. Selbst ist es dünn, dünn, seine hörner [noch] dünner. —
144 1908 413 1949 Die ofengabel.
246 1967 1425 2008 34. Der vater ist schief, die mutter ist weich (od.: zottig)
144 2026 1423 2069 der sohn tollt, — Der spinnrocken, die hede [und] die spindel.
248 2087 1426 2130 35. Aus feuer (od.: Eisern)ist sein herz, aus wasser sein bauch,
143 2147 1425 2190 aus gold sein kleid. — Der samovar [śura eig. — »der gehörnte»].
247 2208 1426 2250 36. In jeder stube eine krähe ohne flügel (od: ein elstern-
142 2271 685 2310 sterz). — Das waschbecken.
247 2326 1424 2370 37. In jeder stube guter stahl. — Der ast [im wandbalken].
248 2387 1428 2430 38. In jeder stube einer, der alles machen kann. — Das
142 2449 366 2490 heiligenbild.
