1824 2966
905 243 1096 272 — 156 —
464 336 1643 380 {105. ki̮k ki̮rni̮š (od: juś) lebźe̮ (od: lebźe̮ni̮), śojani̮s, juani̮s,}
356 397 1464 440 {paś-ke̮mi̮s vi̮lani̮s (od: śojani̮s i juani̮s ji̮r vi̮las). — śor.}
461 458 1639 499 {106. ki̮k ki̮rni̮š lebźe̮ni̮, bi̮d-śama kurki-karki vi̮las nue̮ni̮. — śor.}
463 519 1306 560 {107. ki̮k-pel̕a, ńo̭l̕-ve̮ńa, ńo̭l̕-koka. — le̮kań.}
462 579 1222 621 {108. ki̮k śiś vi̮li̮n ge̮n-tupi̮l̕. — t̕śipan,}
463 640 1219 682 {109. ki̮k śor kosti̮n śi kepi̮ś. — mańa}
462 701 1201 743 {110. ki̮k śor kosti̮n va kukań. — ki̮v.}
463 761 1363 804 111. ki̮k ši̮r, a ńo̭l̕ be̮ž. — ke̮ti i ńo̭l̕ ke̮v-pon,}
462 822 1244 865 {112. ki̮k ži̮tńik kosti̮n mikola. — ni̮r.}
463 884 1464 925 {113. ki̮k t̕śoi̭ kosti̮n śe̮d ve̮v ge̮ńite̮. — šor vizi̮vte̮m.}
463 944 1645 985 {114. ki̮k vok e̮tar me̮dar tui̭ boki̮n sulale̮ni̮, da me̮da me̮dse̮}
358 1005 769 1046 {oz ad̕d̕źi̮ni̮. — śinjas.}
463 1066 1644 1108 {115. ki̮k vok ke̮maśe̮ni̮: e̮t̕iki̮s ke̮maśas i paśtaśas, mu ge̮ge̮r i va}
358 1126 1642 1168 {ge̮ge̮r ge̮ge̮rtas, loktas; a me̮di̮s vek na ke̮maśe̮. — tši̮n i bi lomti̮śige̮n.}
464 1260 1644 1302 105. Zwei raben (od.: schwäne) fliegen, [tragen] ihre speise,
359 1320 1643 1361 ihren trank, ihre kleider auf ihrem rücken (od: ihre speise und
359 1381 1521 1423 ihren trank auf dem kopfe). — Die sparren [in der stube].
462 1442 1644 1483 106. Zwei raben fliegen, allerhand geräte tragen sie auf
358 1502 1234 1542 ihrem rücken. — Die sparren [in der stube].
464 1562 1643 1603 107. Zweiohrig, viergürtelig, vierfüssig. — Der waschkübel.
464 1622 1528 1655 108. Auf zwei lichtern ein federknäuel. — Das huhn.
464 1681 1646 1722 109. Zwischen zwei sparren ein haariger fausthandschuh. —
360 1742 763 1775 Die weibliche scham.
464 1802 1643 1842 110. Zwischen zwei sparren ein feuchtes kalb. — Die zunge.
464 1862 1644 1900 111. Zwei mäuse, aber vier schwänze. — Die schnürschuhe
360 1922 1079 1954 und die vier enden der schuhbander.
464 1981 1643 2024 112. Zwischen zwei kornspeichern [sitzt] Nikolai. — Die nase.
463 2042 1641 2083 113. Zwischen zwei hügeln gallopiert ein schwarzes pferd.
356 2102 883 2135 — Das fliessen des baches.
462 2162 1642 2203 114. Zwei brüder stehen auf je einer seite des weges, sehen
359 2223 1042 2263 einander aber nicht, — Die augen.
464 2283 1644 2317 115. Zwei brüder ziehen ihre schuhe an: der eine zieht die
358 2343 1643 2382 schuhe an und kleidet sich an, umläuft erde und wasser, kehrt
358 2403 1645 2441 zurück; der andre aber zieht immer noch seine schuhe an. —
359 2464 1332 2504 Der rauch und das feuer beim heizen [des ofens].
