1817 2961
910 281 1104 309 — 128 —
981 403 1032 431 48.
872 479 1152 517 {oi̭gi̮ś ve̮rsa.}
467 563 1653 605 {meni̮m e̮t̕ik mužik viśtaśis — sije̮ ve̮li tebrasa :— »e̮t̕t̕śid u₍dža-}
366 624 1652 666 {lige̮n pi̮rime̮ ve̮r-kerkae̮ uźni̮. kodi̮r vodime̮, seki drug i̮llaas kerka}
364 685 1652 727 {dini̮ś munis kodi-ke̮ oi̭gig ti̮rji mort ge̮le̮se̮n. sije̮» pe̮ »ve̮rsai̮s ve̮li.»}
984 828 1034 856 49.
830 914 1186 952 {ve̮rsa ge̮ti̮r t̕śupa.}
470 997 1654 1038 {e̮t̕ik volśasa mužik viśtaśis, ki̮₍d̕źi nije̮le̮n ve̮rali̮śjas viśtaśe̮mae̮ś}
366 1058 1652 1099 {ve̮r-kerkaas uźe̮mse̮. nije̮ ve̮le̮mae̮ś ki̮ke̮n, i kor pi̮re̮mni̮ kerkaas da}
368 1118 1655 1159 {vode̮mni̮ uźni̮, seśa pondasni̮ śorńitni̮, mi̮i̭ t̕śupa ńima babale̮n pe̮}
368 1178 1655 1219 {voi̭na vi̮le̮ mužiki̮s uśe̮m. seśa drug ki̮ša poša ki̮le̮ t̕śḙt̕t̕śe̮ i be̮rde̮ d̕i-}
984 1338 1034 1367 48.
669 1412 1344 1452 Der jammernde waldgeist.
473 1497 1654 1536 Mir erzählte ein mann — er war aus febra\1\ — »Einmal.
369 1557 1655 1598 als wir [im walde] arbeiteten, gingen wir zum schlafen in eine
370 1617 1656 1658 waldhütte, Als wir uns zur ruhe niederliessen, da ging plötzlich
369 1677 1655 1716 jemand draussen neben der hütte vorüber und jammerte mit men-
369 1736 1356 1777 schenstimme. Das war», sagte er, »der waldgeist.»
987 1868 1037 1897 49.
674 1941 1363 1982 Des waldgeists frau {t̕śupa}
475 2026 1659 2069 Ein mann aus dem dorfe volśa erzählte, wie ihre [seines dor-
371 2087 1656 2127 fes] jäger von ihrem schlafen in einer waldhütte erzählt hatten.
374 2147 1658 2189 Ihrer [der jäger] waren es zwei, und als sie in die hütte gingen
372 2206 1659 2247 und sich zur ruhe niederliessen, beginnen sie sich darüber zu un-
371 2267 1658 2308 terhalten, dass der mann eines weibes namens t̕śupa im kriege
371 2327 1658 2367 gefallen war. Da [so kam es uns vor] steht plötzlich ein weib
372 2386 1658 2427 mit ihrem kinde, [mit den kleidern] raschelnd, auf und weint und
512 2498 1232 2539 tebra od. kebra, ein dorf (russ. Knöpa).
