1802 2943
924 274 1118 303 — 196 —
802 366 1114 405 {e̮ši̮ń uvtii̮s me̮di,}
802 427 1222 460 {e̮ši̮ńas i tarkńitis }
802 487 1176 528 {me si̮ dore̮ be̮r pi̮ri.}
741 547 1184 588 {15. in-pe̮vlańi̮s vi₍d̕źe̮dli,}
802 608 1212 649 {seni ge̮rd škap sulale͔,}
802 668 1296 710 {škap pomas i kl̕ut̕ś vi̮ji̮m,}
802 728 1190 769 {kl̕ut̕śse̮ me i berge̮di,}
802 789 1202 830 {škap-e̮₍d̕źe̮si̮s i vośśis,}
738 849 1226 891 {20. seni i t̕śuń-ki̮tš vi̮ji̮m:}
801 910 1182 950 {on te̮d, te̮li̮ś-e̮ šondi̮,}
804 971 1180 1010 {on te̮d, ezi̮ś-e̮ zarńi!}
803 1031 1206 1072 {veśki̮d t̕śa̭l̕l̕e̮ me śuji.}
803 1091 1158 1132 {me seti̮ś i be̮r peti.}
739 1152 1167 1192 {25. sade̮ ke̮ me veśkali,}
803 1212 1258 1253 {ležne̮g pe̮vstii̮s me̮de̮d̕t̕śi,}
802 1272 1186 1313 {aśśi̮m mile̮je̮s ad̕d̕źi:}
802 1333 1169 1374 {noi̭ śertuki̮s vi̮li̮sas,}
441 1471 1099 1510 unter dem fenster her schritt ich,
442 1531 1130 1569 er klopfte aber an das fenster …
443 1591 1044 1632 zu ihm ging ich wieder hinein.
381 1651 1486 1692 15. Ich blickte nach der frauenabteilung [der stube] hin,
445 1712 971 1750 da steht ein roter schrank,
442 1772 1355 1813 in der [tür] des schrankes steckt ein schlüssel.
443 1833 1000 1872 den schlüssel drehte ich um,
447 1893 1029 1934 die schranktür ging auch auf,
378 1953 871 1994 20. darinnen lag ein ring:
444 2012 1405 2052 du weisst nicht, ist es der mond oder die sonne,
443 2072 1582 2114 du weisst nicht, ist es silber oder gold [so schön war er]!
444 2132 1533 2173 An den rechten kleinen finger steckte ich [ihn mir] an.
448 2192 1242 2234 [Dann] ging ich von dort wieder hinaus.
380 2253 1050 2294 25. Als in dem garten ich hinging,
446 2312 1229 2350 zwischen den rosenbüschen dahinschritt,
444 2374 918 2406 sah ich meinen liebsten:
445 2434 984 2471 einen tuchrock hatte er an,
