1796 2933
771 240 875 268 — 47 —
253 330 1434 373 {ke̮t̕ś šue̮: »menam pe̮de̮ń₍t̕śai̮s abu, mun že̮, vetli̮ pipu orde̮}
150 390 1432 430 {pe̮de̮ń₍t̕śala.» pipu orde̮ bara kote̮rtas da kote̮rtas da kote̮rtas da šue̮:}
563 494 853 535 {»pipue̮i̭, pipue̮i̭,}
563 555 886 596 {vai̭ te̮ pe̮de̮ń₍t̕śate̮,}
563 614 864 656 {ke̮t̕ś-je̮v pukti̮ni̮,}
562 675 885 715 {šondi-pie̮s verdni̮,}
563 734 963 775 {te̮li̮ś-e̮š vi̮le̮ pukśe̮dni̮,}
563 794 848 834 {jen-zud ki̮ski̮ni̮,}
564 855 883 895 {t̕śad-purt kesli̮ni̮,}
563 915 868 953 {śe̮ki̮re̮s nat̕śki̮ni̮,}
562 975 883 1014 {śe̮ki̮re̮s vundavni̮,}
565 1035 961 1075 {bel̕a-rumake̮d še̮rje̮n!»}
257 1137 1438 1179 {pipu šue̮: »meam kl̕ešt̕śite̮g pe̮de̮ń₍t̕śase̮ oz šogmi̮ perji̮ni̮. mun}
156 1197 1438 1235 {že̮, vetli̮ kuźńe̮t̕ś orde̮ kl̕ešt̕śila.» — kuźńe̮t̕ś kl̕ešt̕śi done̮de̮ma. bel̕a-}
262 1342 1439 1384 Der hase sagt: »lch habe keinen melkeimer, geh doch, geh
159 1401 1439 1443 zur espe, um einen melkeimer zu holen.» Wiederum läuft er, läuft
158 1461 722 1502 und läuft zur espe und sagt:
312 1564 882 1604 »Mein espchen, mein espchen,
312 1624 931 1664 gib mir doch deinen melkeimer,
315 1685 990 1725 um die hasenmilch hineinzugiessen,
313 1744 1130 1784 um den sohn der sonne damit zu speisen,
317 1805 1307 1844 um ihn auf den rücken des mondochsen zu setzen,
314 1865 1075 1905 um den wetzstein Gottes zu schleppen,
315 1925 1054 1964 um das messer des »t̕śad» zu schärfen,
314 1985 912 2024 um den wallach zu schlachten,
314 2045 953 2084 um den wallach zu zerschneiden,
316 2105 1276 2138 sodass der »bel̕a-ruma» die eine hälfte bekomme!»
268 2216 1444 2257 Die espe sagt: »Meinen melkeimer kann man nicht ohne zange
163 2276 1442 2317 herausnehmen. Geh doch, geh zum schmied um eine zange zu
163 2337 1446 2377 holen.» — Der schmied erhitzte die zange bis zur feuerröte. Der
164 2396 1449 2437 »bel̕a-ruma» schlief [mittlerweile] ein und streckte seine zunge her-
