1802 2962
949 265 1076 294 206 —
942 379 1014 408 11.\1\
712 446 1007 485 {tom ole̮me̮i̭, tom
711 505 1084 547 {ki̮t̕t̕śe̮ šede̮ vetle̮me̮i̭?}
710 567 1104 607 {kodke̮d šede̮ uźle̮me̮i̭?}
711 627 1108 669 {ki̮k zonme̮s lubite̮me̮i̭,}
661 688 1099 729 {5. koi̭me̮de̮s zai̭mite̮me̮i̭,}
714 749 1033 789 {ńol̕e̮de̮s i̮le̮dle̮me̮i̭.}
749 809 1119 850 {me̮dla pe̮li̮n bi e̮zje̮,}
709 869 1147 910 {men mil̕aška kol̕k pua.}
707 930 1082 971 {me̮dla pe̮li̮ś bi kusi,}
646 990 1156 1028 {10. men mil̕aška kol̕k śetis,}
707 1051 1027 1092 {me kol̕kse̮ i śoji.}
954 1157 1027 1187 12.2
708 1223 1195 1265 {ni̮vjas, ni̮vjas, bur ni̮vjas,}
705 1284 1135 1324 {mi̮i̭ že̮ ti dumai̭tanni̮d,}
942 1409 1012 1438 11.\1\
500 1474 1464 1515 Ach mein jugendleben, ach meine jugendfreuden!
498 1534 1382 1576 Wohin soll ich [jetzt] meine schritte lenken?
500 1594 1318 1634 Mit wem werde ich [künftighin] schlafen?
498 1654 1117 1694 Zwei burschen habe ich geliebt,
448 1714 1261 1754 5. den dritten begann ich gern zu haben,
498 1775 1089 1815 den vierten hab' ich betrogen.
540 1834 1271 1875 [Ich entsinne mich noch, wie damals]
498 1894 1538 1934 auf der anderen seite [des flusses] ein feuer brannte,
496 1954 1184 1993 mir [dort] mein schatz eier kochte.
499 2013 1305 2051 Das feuer auf der anderen seite verlosch,
435 2073 1040 2114 10. mir gab mein schatz ein ei,
496 2132 865 2167 und ich ass das ei.
940 2221 1013 2250 12.2
496 2288 1205 2327 Mädchen, mädchen, lieben mädchen,
495 2348 914 2389 was grübelt ihr nach,
430 2435 1433 2473 \1\ Liied einer alten jungfer, von den mädchen gesungen.
432 2486 1235 2524 2 Den mädchen von den burschen gesungen.
