1826 2937
806 251 847 281 39
870 267 912 271 —

184 345 247 386 sije
280 346 417 379 kajsaes
450 345 570 377 viiedas
602 345 643 376 da
675 344 807 383 ri/’edas,
839 355 909 376 sesa
933 344 1079 377 ka.tsal/s
1104 344 1209 385 kejase
1231 344 1350 385 puktas
1373 344 1468 377 labifs

185 405 267 437 ulas.
313 405 364 444 Sjr
397 405 498 438 loktas
531 405 572 437 da
604 405 752 446 kaJSaljs
787 404 893 445 kejase
923 404 936 437 i
966 404 1120 445 pj&jedas.
1165 416 1236 437 sesa
1266 404 1319 437 Sir
1345 404 1469 446 puksas

185 465 376 505 katsa-keja
401 469 479 506 pize,
504 466 628 506 pondas
652 469 773 504 munnj
795 476 833 497 va
857 465 938 497 kvza
961 465 974 497 i
997 465 1121 506 pondas
1142 470 1247 498 sivni:

598 561 610 582 »
611 552 660 583 Sir
683 552 762 591 kjvle
783 552 853 583 kate

600 612 790 652 kaßa-keja
813 616 921 652 piien,

598 673 664 705 moi
687 673 771 713 lopta
796 673 930 713 peljsen,

597 733 704 764 ur-bez
726 732 840 773 zibjen.

600 792 736 825 kir-kets
758 792 848 825 dorse
870 792 998 831 sin/Stg,

599 852 645 883 lia
668 852 757 884 dorse
777 852 931 893 zibj/Ste.»

293 956 419 983 munas,
443 956 561 978 munas
584 946 624 978 da
648 945 738 979 keiin
760 946 862 986 panid
884 945 945 978 loe:
970 945 1048 977 »Sire
1064 944 1152 987 t'soje,
1170 946 1236 978 bost
1251 945 1372 978 viene!»
1408 955 1421 975 »
1422 956 1468 985 og,

189 1017 236 1045 og,
259 1005 379 1046 mejam
403 1005 483 1040 i.tset
505 1008 606 1047 pizcj,
629 1005 710 1046 i/set
735 1005 775 1038 da
800 1011 826 1038 ie
840 1006 930 1038 sekid
933 1017 939 1045 ,
957 1017 1046 1038 mene
1062 1006 1227 1047 putkiftan
1232 1014 1253 1038 .»
1287 1016 1354 1038 »zev
1369 1005 1472 1037 lesida

185 1066 274 1104 sjlan
280 1066 308 1098 /»
354 1075 409 1107 »no
431 1066 565 1107 puksi!»
608 1066 658 1098 Sir
680 1067 804 1107 pondas
826 1070 930 1105 sivni:

599 1152 662 1191 »Sir
685 1152 768 1184 кМе
791 1152 859 1184 kate
884 1177 890 1184 .
917 1178 922 1184 .
950 1178 956 1183 .
983 1162 1008 1183 .»

193 1294 332 1335 beginnt
362 1303 467 1333 suppe
491 1304 530 1325 zu
555 1294 726 1333 schöpfen,
750 1294 819 1326 und
843 1293 877 1325 in
901 1293 993 1325 ihren
1017 1292 1109 1325 löffel
1131 1293 1262 1324 kommt
1287 1292 1339 1324 die
1363 1293 1470 1325 elster.

194 1355 247 1387 Sie
272 1358 352 1395 nagt
376 1354 427 1386 die
452 1355 550 1386 elster
572 1355 626 1392 ab,
651 1357 742 1394 nagt,
771 1355 862 1394 [und]
888 1354 978 1385 dann
1004 1354 1071 1393 legt
1087 1353 1132 1384 sie
1149 1354 1208 1384 das
1223 1353 1399 1385 brustbein
1415 1353 1474 1384 der

191 1416 291 1447 elster
325 1417 424 1447 unter
456 1414 508 1446 die
540 1414 742 1447 Wandbank.
790 1414 850 1445 Die
882 1422 978 1445 maus
1010 1413 1101 1453 langt
1138 1413 1306 1454 [zuhause]
1338 1422 1380 1445 an
1404 1413 1473 1445 und

191 1475 263 1507 holt
294 1475 364 1507 sich
396 1476 455 1507 das
487 1474 661 1506 brustbein
695 1475 752 1507 der
785 1474 891 1506 elster.
940 1474 1037 1506 Dann
1070 1475 1155 1505 setzt
1189 1472 1258 1505 sich
1291 1473 1344 1505 die
1377 1481 1473 1505 maus

194 1536 226 1566 in
251 1535 311 1567 das
334 1544 393 1567 aus
417 1536 492 1567 dem
516 1534 691 1567 brustbein
717 1535 774 1566 der
797 1534 896 1566 elster
918 1534 1128 1574 hergestellte
1145 1534 1236 1571 boot,
1254 1533 1392 1573 beginnt
1409 1534 1473 1565 den

192 1595 274 1627 fluss
298 1596 435 1636 entlang
458 1605 498 1627 zu
523 1595 640 1627 fahren
664 1595 729 1627 und
757 1594 852 1635 fängt
876 1604 918 1626 an
943 1604 982 1626 zu
1006 1593 1135 1635 singen:

297 1690 373 1722 »Die
396 1699 492 1722 maus
516 1689 630 1722 schifft
656 1690 718 1721 den
744 1690 824 1721 fluss
848 1689 961 1727 hinab,
985 1689 1050 1721 den
1074 1689 1155 1720 fluss
1177 1688 1306 1726 hinauf,

295 1751 328 1782 in
354 1751 461 1782 einem
484 1750 576 1784 kahn
601 1760 660 1783 aus
684 1751 758 1783 dem
783 1750 957 1783 brustbein
982 1750 1039 1782 der
1063 1750 1170 1788 elster,

297 1811 358 1843 mit
383 1811 489 1843 einem
512 1812 622 1847 rüder,
648 1812 764 1844 dessen
786 1811 875 1843 blatt
898 1819 958 1842 aus
980 1810 1075 1842 biber
1097 1810 1151 1848 ist,

296 1870 359 1904 mit
383 1871 472 1903 einer
495 1872 712 1911 bootsstange
736 1880 814 1903 vom
838 1870 992 1904 schwänz
1015 1871 1072 1902 des
1095 1869 1366 1907 eichhörnchens,

296 1940 350 1962 am
374 1931 491 1963 steilen
516 1930 588 1962 ufer
611 1931 725 1963 rudert
748 1930 804 1969 sie,
853 1938 860 1943 *

296 1990 348 2022 bei
373 1991 436 2022 den
461 1991 680 2022 Sandbänken
706 1992 808 2023 stösst
831 1990 877 2022 sie
904 1991 980 2030 [den
1002 1989 1105 2029 kahn]
1131 1989 1194 2020 mit
1217 1989 1275 2020 der
1296 1990 1414 2028 Stange

1114 2051 1304 2081 vorwärts.»

297 2136 349 2168 Sie
382 2136 474 2168 fährt
510 2137 601 2176 [und]
635 2136 739 2174 fährt,
773 2138 840 2168 und
865 2136 916 2167 ein
941 2135 1017 2167 wolf
1040 2135 1171 2166 kommt
1198 2134 1270 2174 [ihr]
1298 2136 1475 2174 entgegen:

195 2197 316 2234 »Maus,
350 2195 438 2228 mein
470 2195 725 2235 schwesterlein,
757 2196 860 2227 nimm
890 2195 977 2227 mich
1001 2195 1096 2227 mit!»
1140 2195 1251 2232 »Nein,
1276 2193 1364 2231 nein,
1388 2193 1477 2225 mein

196 2257 277 2288 boot
300 2256 344 2288 ist
368 2257 467 2294 klein,
492 2256 580 2289 klein
604 2257 647 2288 ist
671 2265 714 2294 es,
739 2257 808 2288 und
832 2258 876 2288 du
900 2256 967 2288 bist
983 2256 1118 2294 schwer,
1137 2255 1241 2287 wirfst
1257 2254 1344 2287 mich
1365 2253 1475 2294 [noch]

195 2316 286 2350 um!»
329 2317 397 2348 »Du
430 2316 534 2356 singst
567 2325 603 2349 so
635 2317 770 2349 schön!»
814 2317 918 2354 »Nun,
951 2319 1021 2348 setz
1053 2315 1130 2348 dich
1160 2315 1253 2347 hin!»
1297 2315 1357 2348 Die
1381 2322 1477 2346 maus

195 2377 334 2417 beginnt
358 2387 397 2409 zu
422 2378 552 2418 singen:

299 2462 375 2494 »Die
399 2470 495 2493 maus
519 2460 633 2493 schifft
659 2461 721 2493 den
747 2461 827 2492 fluss
851 2460 964 2498 hinab,
990 2461 1053 2493 den
1077 2461 1160 2493 fluss
1183 2460 1301 2492 hinauf
1325 2486 1332 2493 .
1359 2486 1365 2492 .
1393 2470 1433 2499 .»,
