1812 2947
939 278 1073 308 — 7o —
362 370 1650 411 {pukte̮da.» oš šuas: »og, og!» ni̮v a₍t̕śi̮s pukśas kudje̮. ošli̮ vod̕ź vi̮v}
362 430 1649 473 {šuis: »me kuta kerka vi̮vśa̭ń vi₍d̕źe̮dni̮. en vi₍d̕źe̮dli̮ kud pi̮tškas!»}
363 490 1648 533 {oš kutas nuni̮ kud, da śe̮ki̮d loe̮. vidli̮ni̮ ke̮sjas, a kud pi̮tšśa̭ńi̮s}
362 551 1648 593 {ni̮v gore̮das: »en vidli̮, en vidli̮, ad̕d̕źa ve̮d, ad̕d̕źa, kḙrt-pl̕eš, don-}
362 610 1647 653 {śin!» oš šuas: »ki̮śa̭ń ne̮ taje̮ ad̕d̕źe̮! kerkai̮s oz ti̮dav a!» sije̮ munas}
365 672 1648 714 {vo₍d̕źe̮. mami̮sle̮n kerkai̮s voas. poske̮di̮s oš kajas kudnas da pos-}
361 732 1647 774 {vo₍d̕źas ši̮bi̮tas kudse̮ da šuas: »nale̮, starik gozja, tijanli̮ nomsaśan-}
362 793 1648 835 {tor ni̮li̮d i̮stis!» naje̮ petasni̮, kud bośtasni̮ pos-vod̕źśi̮s, pi̮rtasni̮ ker-}
360 853 1648 895 {kaas da pi̮tške̮sśi̮s vidlasni̮ da seni ni̮lni̮s! ni̮v petas kud pi̮₍tšśi̮s}
359 913 1647 955 {da i e̮ni ole̮ni̮ vi̮le̮ni̮. — oš munas gortas da kutas korśni̮ bi̮dlai̮ś}
360 974 1148 1015 {ni̮vse̮, da ńe-ki̮ś oz i śur. i e̮ni oš šogśe̮.}
365 1211 1646 1252 lege etwas [in die schachtel].» Der bär sagt: »Nein, nein!» Das
363 1272 1646 1305 mädchen setzt sich selber in die schachtel. Vorher hatte es zu
366 1332 1646 1373 dem bären gesagt: »lch sehe vom dache der hütte. Gucke nicht
363 1392 1646 1433 in die schachtel!» Der bär beginnt die schachtel zu tragen, aber
362 1452 1645 1492 sie wurde [ihm] schwer. Er will [die schachtel] untersuchen, aber
363 1512 1645 1551 aus der schachtel ruft das mädchen: »Schau nicht, schau nicht
366 1572 1645 1613 [hinein], ich sehe [es] ja, ich sehe [es], du eisenstirn, du feuerauge!»
361 1632 1641 1673 Der bär sagt: »Wie weit sie auch sieht! Die hütte ist ja [hier]
362 1693 1646 1733 nicht zu sehen!» Er wandert weiter. Er gelangt zum hause der
360 1753 1644 1793 mutter [des mädchens]. Der bär klettert mit seiner schachtel die
360 1813 1643 1853 treppe hinauf, wirft die schachtel in die hausflur und sagt: »Da,
363 1873 1644 1912 nehmt, mann und frau, eure tochter hat euch süssigkeiten ge-
361 1933 1645 1973 schickt!» Sie gehen hinaus, nehmen die schachtel aus der haus-
360 1992 1643 2033 flur, tragen sie in die stube, untersuchen ihren inhalt, und drinnen
360 2052 1641 2094 ist ja ihre tochter! Das mädchen steigt aus der schachtel heraus,
357 2113 1643 2154 und sie leben heute noch. — Der bär geht nachhause und be-
359 2174 1643 2214 ginnt überall das mädchen zu suchen, aber es ist nirgends zu
360 2234 1312 2275 finden. Und der bär betrauert [sie] heute noch.
1301 2321 1539 2360 (Ust̕sysol̕sk.)
