1833 2951
922 246 1094 274 — 54 —
466 337 1651 379 {petuk munas da munas: si̮li̮ pani̮d love̮ ke̮jin i šuas: »ki̮t̕t̕śe̮,}
363 397 1652 439 {petuke̮ voke̮, munan?» petuk šue̮: »iz-ki korśni̮ muna.» »mene̮ tše̮tš}
365 458 1006 500 {bośt!» petuk i šuas: »pi̮r sitane̮!»}
467 520 1650 561 {petuk bara munas da munas. si̮li̮ pani̮d love̮ oš. oš kutas}
363 578 1600 623 {ve̮zji̮śni̮ tše̮tš munni̮ petukke̮d i petuk tše̮ktas sije̮s sitanas pi̮rni̮.}
467 640 1652 682 {petuk munas da munas. ju voas. petuk i šuni̮ kutas: »ki̮₍d̕źi}
365 700 1652 744 {tati me kuta vudžni̮!» petuk valań sitanse̮ berge̮das i šuas juli̮: »pi̮r}
364 761 1246 803 {sitane̮!» va pi̮ras. śḙśa kos-inti petuk vu₍džas.}
468 822 1649 864 {bara kutas munni̮. more voas. petuk šuni̮ kutas: »ki̮d̕ź bara}
364 882 1652 924 {tati vu₍dža?» morelań sitanse̮ berge̮das i stav vai̮s morḙśi̮s sitanas}
362 944 1652 985 {pi̮ras. petuk i kos-inti vu₍džas i śḙśa barinle̮n kerka voas. petuk}
363 1003 1650 1046 {e̮grad vi̮le̮ kajas: »kikirukku! vai̭ iz-kite̮, barin!» barin petas i šuas:}
364 1064 1651 1106 {»ku₍tše̮m teni̮d iz-ki kole̮?» barin petuke̮s kutas da e̮šjas dine̮ je̮rtas.}
369 1124 1653 1167 {e̮šjasli̮ šuas: »taje̮s jona l̕ukale̮, med kule̮.» petuk šuas ke̮jinli̮: »pet!»}
468 1256 1652 1297 Der hahn geht und geht fürbass: ihm entgegen kommt ein
364 1317 1651 1357 wolf und sagt: »Wohin, brüderlein hahn, gehst du?» Der hahn
365 1377 1654 1418 sagt: »Einen mühlstein zu suchen gehe ich.» »Nimm mich mit!»
366 1437 1296 1477 Da sagt der hahn: »Schlüpf in [meinen] steiss!»
469 1497 1651 1537 Der hahn wandert immer weiter. Ihm entgegen kommt ein
365 1557 1652 1597 bär. Der bär beginnt zu bitten, er möchte mit dem hahn kom-
366 1617 1584 1658 men, und der hahn befiehlt ihm in seinen steiss zu schlüpfen.
470 1678 1650 1718 Der hahn wandert immer weiter. Er gelangt an einen fluss.
368 1738 1654 1778 Da sagt der hahn: »Wie komme ich dahinüber?» Der hahn wen-
365 1798 1652 1839 det seinen steiss dem wasser zu und sagt zu dem flusse: »Schlüpf
366 1858 1652 1898 in [meinen] steiss!» Der wasser tut es. Darauf schreitet der hahn
365 1918 1062 1958 auf trocknem land über [den fluss].
470 1977 1653 2018 Wieder beginnt [der hahn] zu wandern. Er kommt ans meer.
368 2038 1653 2078 Der hahn sagt: »Wie komme ich wieder dahinüber?» Er wendet
368 2098 1655 2138 seinen steiss dem meere zu, und aus dem meere geht alles wasser
366 2158 1655 2192 in seinen steiss. Da schreitet der hahn auf trocknem land über
370 2218 1655 2259 [das meer] und gelangt danach zu dem hause jenes herrn. Der
366 2278 1653 2319 hahn klettert auf den zaun: »Kikeriki! Gib [mir] den mühlstein,
368 2339 1656 2379 herr!» Der herr kommt heraus und sagt: »Was für einen mühl-
367 2398 1654 2439 stein wünschest du?» Der herr fängt den hahn und sperrt ihn zu
368 2459 1655 2499 den ochsen. Zu den ochsen sagt er: »Stosst diesen tüchtig, sodass
