1821 2964
740 268 863 297 – 261
565 361 933 402 {bośtis sije̮ da nui̭is,}
564 421 954 463 {t̕śuń-pon ji̮las bośtis,}
565 481 939 523 {t̕śepl̕alig ti̮rji nui̭is,}
563 542 926 583 {vom-dor ji̮las nui̭is}
498 603 924 644 {20. śe̮lalig pe̮l̕alig ti̮rji,}
563 663 902 704 {pi₍d̕źe̮s vi̮las nui̭is}
563 723 861 764 {murkje̮dlig ti̮rji,}
564 783 1057 823 {kuśak ge̮re̮d ve̮d sije̮ nui̭is}
562 842 842 883 {ge̮rdśavlig ti̮rji,}
498 902 1097 942 {25. kok-t̕śuń ji̮las ve̮d sije̮ nui̭is}
562 963 842 1004 {t̕śužjavlig ti̮rji,}
563 1023 1105 1064 {kokl̕a-be̮r ji̮las ve̮d sije̮ nui̭is}
560 1083 836 1124 {ši̮rkje̮dlig ti̮rji!}
561 1144 920 1184 {seśa tai̭ sije̮ munis}
498 1204 907 1245 {30. paśki̮d ine̮ le₍d̕źis,}
561 1264 1111 1301 {ńe̮t̕t̕śi̮d śinme̮n ad̕d̕źi̮te̮m vi̮le̮,}
560 1324 1060 1365 {ńe̮t̕t̕śi̮d pel̕e̮n ki̮vli̮te̮m vi̮le̮,}
407 1461 998 1502 nahm er und schaffte sie weg.
408 1521 1068 1562 auf seine fingerspitze nahm er sie
407 1581 1072 1622 und schaffte sie da zwickend weg.
406 1642 1224 1683 in seinem mundwinkel schaffte er sie weg
342 1703 845 1743 20. spuckend und blasend,
407 1762 1098 1803 auf seinem knie schaffte er sie weg
404 1825 572 1863 pressend,
404 1882 1266 1923 als seines gürtels knoten schaffte er sie weg
404 1943 1004 1982 zu einem knoten sie knüpfend,
340 2003 1214 2043 25. auf seiner zehenspitze schaffte er sie weg
405 2062 866 2101 mit dem fusse stossend,
404 2122 1085 2163 auf seiner ferse schaffte er sie weg
402 2183 959 2215 auf den fersen sich drehend!
402 2242 901 2283 Und dann ging er davon,
336 2303 1201 2344 30. an einem weiten ort liess er [sie] nieder,
401 2363 1052 2405 wo niemals das auge [sie] schaut,
400 2423 1083 2464 wo niemals das ohr [von ihr] hört,
