1815 2957
933 263 1040 292 – 98
372 354 1664 396 {śujas. a₍t̕śi̮s turun-jure̮ pe̮ras da džodž-koste̮ i uśas. ki̮k vok lok-}
376 414 1663 456 {tasni̮ da kutasni̮ korni̮ śoi̭ni̮. ge̮ri·ńe̮ šuas: »uf, me kol̕mi!» seśśa}
374 474 894 516 {naje̮ śojasni̮ i juasni̮ aśni̮s.}
476 536 1662 570 {aski kol̕t̕t̕śas mika·i̭le̮. ki̮k voki̮s as kostani̮s i śorńite̮ni̮: »ta-}
371 596 1663 637 {je̮s vias ńin! miane̮s ve̮d d̕a̭d̕e̮ ne̮i̭tis, a ege̮ kol̕me̮.» seśśa voas bara}
373 657 1660 699 {d̕a̭d̕e̮ džodž-uli̮ś: »atte̮ d̕ive̮, koi̭me̮d e̮š ńin śoje̮mae̮ś! aśte̮ ńin talun}
371 718 1660 759 {śoja! lok vermaśam!» seśśa naje̮ vermaśasni̮ da vermaśasni̮, — e̮dva}
372 779 1660 820 {i šoji̮s kol̕e̮ d̕a̭d̕e̮le̮n. set̕t̕śe̮d̕ź mika·i̭le̮ d̕a̭d̕e̮te̮ ne̮i̭tas. d̕a̭d̕e̮ bara}
371 850 527 874 {roźe̮ uśe̮.}
474 901 1659 941 {vokjas loktasni̮. »le̮śi̮da· že̮ ti kol̕me̮mni̮d! tiane̮s tai̭ d̕a̭d̕e̮ ne̮i̭-}
372 961 1657 1003 {te̮ma!» mika·i̭le̮ šuis, »vaje̮, še̮ralame̮i̭ e̮š-ku₍t̕śiki̮ś śumi̮s!» seśśa}
370 1022 1659 1062 {naje̮ zi̮bka-kod̕e̮s ve̮₍t̕śasni̮ da mika·i̭le̮e̮s roźe̮d le₍d̕źasni̮ korśni̮}
370 1082 1658 1122 {d̕a̭d̕e̮e̮s. let̕t̕śis mika·i̭le̮ i kutis munni̮. munis, munis, kerka vois,}
369 1212 1658 1246 in einen heuhaufen und fällt durch eine ritze in der diele hin-
369 1273 1658 1314 unter. Die beiden brüder kommen an und beginnen essen zu ver-
368 1333 1654 1375 langen. Gorynja sagt: »Uh, ich habe kohlendunst in den kopf
368 1393 1553 1435 gekriegt!» Dann besorgen sie sich selber essen und trinken.
471 1453 1656 1494 Am folgenden tag bleibt Michel [als haushalter] zurück. Die
367 1512 1656 1554 beiden brüder aber sprechen untereinander: »lhn schlägt er gewiss
366 1574 1653 1614 tot! Uns hat der mann ja durchgeprügelt — wir haben keinen
366 1633 1657 1675 kohlendunst in den kopf gekriegt [obgleich wir dies gesagt haben].»
368 1694 1655 1727 Dann tritt der mann wieder unter der diele hervor: »Gotts wun-
365 1753 1654 1794 der, nun haben sie auch den dritten ochsen gegessen! Dich selbst
365 1814 1652 1856 esse ich schon heute! [sagt er zu Michel]. Komm, wir wollen
365 1874 1654 1914 uns hauen!» Dann kämpfen sie und kämpfen — kaum bleibt
364 1934 1649 1977 dem manne der atem im leibe [eig.: kaum bleibt dem manne sein
363 1994 1649 2036 körper (lebendig) zurück]. So [gewaltig] verwalkt ihn [eig: den
362 2054 1363 2095 mann] Michel. Der mann fällt wieder in das loch.
467 2114 1654 2155 Die brüder kommen herzu. »üchtig mag euch schon der
361 2173 1650 2215 kohlendunst in den kopf gestiegen sein! Der mann hat euch ja
362 2234 1652 2276 den buckel geweicht!» sagte Michel, »lasst, schneiden wir uns aus
361 2293 1651 2328 der ochsenhaut einen lederriemen!» Dann machen sie einen wie-
359 2354 1647 2396 genartigen [korb] und lassen Michel durch das loch hinab um den
360 2414 1649 2456 mann zu suchen. Michel liess sich herab und begann [unten an-
358 2474 1648 2517 gelangt] vorwärts zu wandern. Er wanderte und wanderte [und]
