1806 2937
707 254 899 283 — 151 —
263 347 1267 389 51. bi̮d pos uli̮n je₍dži̮d bai̭de̮g lebale̮. — požnaśe̮m.}
263 407 1443 447 {52. bi̮d tor ad̕d̕źan, da ki̮k tor on ad̕d̕źi̮. — šoni̮d, ke̮₍d̕źi̮d.}
265 468 1076 509 {53a. bordte̮g lebale̮, kokte̮g kotrale̮. — te̮v,}
263 528 1443 568 {53b. borji̮s dona dona, a mui̮s dona₍dži̮k. — e̮ši̮ń. vi̮i̭-latka.}
266 589 1442 631 {54. davje̮ mune̮, tupe̮ś gi̮le̮de̮, gorte̮ lokte̮, tupe̮ś gi̮le̮de̮. — kok-tui̭.}
264 650 981 692 {55. dom-poni̮n e̮š tše̮ge̮de̮ni̮. — t̕śe̮rs.}
160 709 1447 750 { 56. dub ji̮li̮n śiźim-roźa kašńik, kašńik vi̮las vež turun, vež}
162 769 1012 810 {turun pi̮tškas pol̕ske̮i̭ porśjas jirśe̮ni̮. — jur.}
264 829 917 868 {57. džodž-uli̮n va kukań. — ki̮v.}
266 888 1445 930 58. d̕a̭d̕e̮ vek de̮mli̮śe̮, da roźi̮s ńe-kor oz tupki̮śli̮. — pi̮vśan-gor.}
267 949 1024 990 {59. e̮t̕i be̮t̕śkai̮n ki̮k-pe̮le̮s sur. — kol̕k.}
266 1008 1311 1050 {60. e̮t̕i jurle̮s vi̮li̮n ki̮ź zon uźe̮ni̮. — mat̕i₍t̕śa, pe̮te̮le̮k.}
269 1145 1451 1186 51. Unter jeder treppe fliegt ein weisses schneehuhn. —
170 1205 644 1245 Das sieben [des mehls]\1,
271 1264 1450 1304 52. Alles siehst du, zweierlei nur siehst du nicht, — Die
166 1325 502 1365 wärme, die kälte.
270 1384 1336 1426 53a. Plügellos fliegt es, fusslos läuft es. — Der wind.
270 1445 1447 1485 53b. Der rain ist teuer, teuer, aber der acker ist [noch] teurer.
165 1505 808 1538 — Das fenster. Die buttertasse.
270 1564 1450 1605 54. In den wald geht es, semmeln lässt es fallen, nachhause
167 1624 1449 1664 kommt es, semmeln lässt es fallen. — Die fussspuren [im schnee].
272 1684 1454 1727 55. Ein am halfter [festgebundener] ochs wird gemästet, —
170 1745 392 1785 Die spindel.
273 1804 1452 1844 56. Im wipfel einer eiche ein siebenlöcheriger breitopf, auf
171 1865 1454 1905 dem breitopf grünes gras, in dem grünen gras sind polnische
174 1924 906 1964 schweine auf der weide. — Der kopf.
275 1984 1451 2024 57. Im raume unter der diele ein feuchtes kalb. — Die zunge.
274 2043 1455 2084 58. Sein lebenlang flickt der alte [seine kleider], aber nie-
171 2103 1284 2144 mals werden die löcher gestopft, — Der badestubenofen.
276 2163 1291 2197 59. In einem fasse zweierlei bier. — Das hühnerei.
275 2224 1456 2265 60. Zwanzig knaben schlafen auf einem kopfkissen. — Der
173 2285 706 2325 tragbalken [und] die decke.
275 2404 1454 2444 \1\ Das mehl wird gewöhnlich unter der zum unterstock (dem auf-
174 2457 1166 2495 bewahrungsort der esswaren) führenden treppe gesiebt,
