1796 2967
750 279 911 308 — 217 —
381 371 834 412 {30. ai̭-ńime̮n i̮džde̮dli̮śe̮i̭,}
445 430 1106 471 {bi̮tse̮n tai̭ e̮ni, šondi-bane̮i̭, kol̕e̮ma!}
446 492 960 531 {kerka ti̮ri̮s tai̭, šondi-bane̮i̭,}
446 552 913 592 {kol̕in kižte̮m-more̮sajase̮s;}
445 613 744 646 {e̮t̕ikli̮ tuvkan-tor}
381 673 824 713 {25. da me̮dli̮ zurgan-tor,}
447 733 861 773 {porś pon kok uli̮n tai̭}
448 793 859 833 {tupl̕a̭śan-torjas kol̕im!}
445 853 1033 891 {sud̕źśi̮te̮m-inśi̮s kodi sud̕źśe̮das,}
447 912 980 950 {ti̮rmi̮te̮m-inse̮ kodi ti̮rme̮das?}
382 972 888 1010 {30. nem-kadte̮m kade̮ kulin,
446 1032 776 1071 {mui̮sli̮ kuje̮d vi̮le̮,}
448 1092 778 1133 {vai̮sli̮ požje̮g vi̮le!}
448 1151 1040 1192 {oi̭ ja, oi̭ ja, oi̭ ja, oi̭ ja, oi̭ ja,}
446 1211 830 1252 {šog se̮ mijanli̮ kol̕is,}
383 1271 795 1312 {35. oi̭ ja, oi̭ ja, oi̭ ja,}
448 1329 1198 1371 {ki̮₍d̕źi ne̮ mi kutam ki̮ne̮m-pe̮tse̮ korśni̮?}
178 1466 1158 1505 20. der du mich mit meinem vatersnamen ehrtest,
243 1525 1459 1567 du mein sönnchen, — jetzt ist alles das gewesen und dahin!
244 1587 1125 1628 Die stube ja liessest du, mein sönnchen, voll
243 1646 1459 1687 kleiner kinder mit knopflosen kleidern [eig. knopflos-brüstiger];
245 1707 726 1747 um vom einen gestossen,
179 1767 809 1807 25. und vom anderen geschoben,
246 1826 1126 1859 um den schweinen und hunden vor die füsse
243 1886 879 1927 geworfen zu werden blieben wir!
245 1945 1154 1985 In unserer not, wer gibt uns, sodass es reicht,
244 2007 736 2046 wer füllt unsern mangel?
180 2066 853 2107 30. Zu ungelegener zeit starbst du,
246 2126 868 2167 um dünger fürs feld zu werden,
245 2187 939 2226 um vom wasser bespült zu werden!
245 2246 1088 2285 oh weh, oh weh, oh weh, oh weh, oh weh,
243 2306 827 2347 die sorge ist ja uns geblieben,
180 2366 748 2405 35. oh weh, oh weh, oh weh!
245 2426 1406 2467 Wie fangen wir es denn an um unsere nahrung zu finden?
