1830 2982
894 283 1069 312 — 278 —
617 376 980 414 {kerkai̮d ti̮rte̮m kol̕i,}
618 437 997 476 {pemi̮d si̮te̮g kerkai̮d,}
616 496 1029 538 {gažte̮m i̮₍dži̮d jurte̮gi̮s!}
554 557 1453 598 {40. šondi-bane̮i̭, mue̮d vetlan mike̮lae̮i̭ bat̕uškoe̮i̭,}
618 617 1290 659 {zarńie̮n garte̮m śiśke̮i̭, bur muži̮ke̮i̭,}
618 678 1320 719 {ezi̮ś-ki̮₍tša pel̕nad vode̮mi̮d da ki̮vzan,
618 739 1235 780 {zarńia li̮ska śin pi̮ri̮d vi₍d̕źe̮dan!}
618 799 1374 840 {»kodi ne̮» pe̮ »tai̭ sije̮ tui̭ vi̮vtii̮s mune̮?»}
554 860 1183 901 {45. »l̕ok de̮va» pe̮ »tai̭ sije̮ mune̮!»}
620 920 1259 962 {šondi-bane̮i̭, bur muži̮ke̮i̭ di̮rji tai̭}
619 981 1151 1017 {mi₍t̕śa »ovna»-nad i̮džde̮dle̮ni̮}
622 1042 1032 1074 {da bur ńimnad šue̮ni̮.}
619 1101 1102 1142 {šondi bane̮i̭, bur muži̮ke̮i̭,}
555 1161 1109 1202 {50. uśi tai̭ menam bur t̕śine̮i̭,}
621 1222 1356 1263 {kol̕i tai̭ menam bur pe̮rae̮i̭, tom pe̮rae̮i̭}
420 1353 815 1392 Die hütte blieb leer,
419 1413 1002 1452 finster ist die stube ohne ihn,
419 1473 1064 1513 freudlos ohne sein grosses haupt!
353 1533 1642 1573 40. Mein sönnchen, du auf erden wandelnder [heiliger] Nikolai
1176 1594 1425 1631 Wundertäter,
420 1653 1641 1694 du mein mit golddraht umwundener leuchter, mein lieber gatte,
421 1714 1643 1754 mit deinen silberblatt-ohren hast du dich zur ruhe gelegt und
694 1774 1642 1815 hörst [alles was gesprochen wird und geschieht],
421 1834 1622 1875 durch die goldwimpern deiner augen hindurch schaust du
1187 1895 1356 1934 [uns] an!
422 1954 1646 1994 »Wer», sagen die leute, »wandert denn dort den weg entlang?»
358 2014 1548 2053 45. »Eine nichtsnutzige witwe wandert dort!» antwortet man.
423 2073 1438 2112 Mein sönnchen, zur zeit meines lieben mannes doch
425 2133 1323 2173 ehrten sie mich mit schönem [namen] »-ovna»
423 2193 1334 2233 und nannten mich mit meinem guten namen\1\,
427 2254 1084 2293 Mein sönnchen, mein lieber gatte,
365 2314 1011 2355 50. gesunken ist mein guter wert,
426 2374 1266 2414 es blieb meine glückszeit, meine jugendzeit
464 2498 1214 2536 \1\ D. h. sie sagten z. b. »Anna Petrovna“.
