1793 2932
734 266 811 293 – 11
150 357 1436 400 {ko̭lɛ veśkɛ viźli̮ni̮!» tsaŕ viśtalɛ: »kùź munam, tui̭ vi̮lɛ petam, seten}
154 417 1436 459 {tsaŕes viźlan.» »a kùź mḙ sijɛ viźla?» tsaŕ viśtalɛ: »bi̮den loeni̮s}
150 477 1436 520 {šapkatem, a tsaŕ loɛ šapkaa.» vot i vo̭i̭isni̮s ni̮a tui̭ vi̮lɛ, bi̮den ku-}
152 537 1434 580 {₍t̕śisni̮s šapkani̮ssɛ vi̮lɛ ši̮blōni̮ i gòrzi̮ni̮ »ura·! ura·!» muži·k i jualɛ:}
151 599 1435 640 {»ki̮ten tsaŕi̮s?» a tsaŕ viśtalɛ si̮li̮: »vi₍d̕źedan — da bi̮den šapkatemeś,}
152 660 999 701 {a tol̕ko mi ki̮ken šapkaaeś. kòdkɛ da tsaŕ!»}
663 813 932 854 2. Vyčegda.
784 904 811 932 5.
636 977 961 1019 {vasa-pi i zon.}
260 1062 1439 1105 {olis vi̮lis ge̮l̕ińik mort; si̮le̮n ve̮li e̮t̕i pi. bat̕i̮s pise̮ i̮stas na-}
155 1121 1439 1164 {že̮vitni̮. pi let̕t̕śas va-dor dore̮ i kutas ńin kul̕ni̮. si̮ dine̮ vasa-pi}
157 1181 1440 1224 {petas i šuas: »mi̮i̭ ne̮ keran?» »ńin kul̕a.» vasa-pi šuas: »mi̮i̭la taje̮}
156 1242 1439 1284 {ńinse̮ kul̕an?» zon šuas: »taje̮ vase̮ kośti̮ni̮.» vasa-pi d̕edi̮s dine̮ pi̮ras}
158 1371 1441 1413 »Den zaren habe ich noch nirgends gesehen; man sollte ihn [wirk-
157 1432 1440 1473 lich] sehen!» Der zar sagt: »Wenn wir gehen und auf dem [gros-
157 1490 1440 1533 sen] weg anlangen, so siehst du dort den zaren.» »Aber wie sehe ich
158 1551 1440 1592 ihn?» Der zar sagt: »Alle werden [dort] die mützen abnehmen,
159 1611 1441 1650 der zar aber wird die mütze aufbehalten.» Und so langten sie auf
159 1670 1442 1713 dem [grossen] weg an, alle [leute] fingen an ihre mützen in die
159 1730 1443 1766 luft zu werfen und zu schreien: »hurrah! hurrah!» Der bauer
159 1791 1442 1833 fragt: »Wo ist der zar?» Der zar aber sagt zu ihm: »Du siehst
158 1851 1442 1894 — und alle haben die mützen abgenommen, wir beide nur haben
160 1912 1167 1954 die mützen auf. Einer [von uns] ist also der zar!»
788 2019 816 2048 5.
162 2082 1442 2126 Der sohn des wassergeistes und der junge bursche.
264 2162 1446 2202 Es war einmal ein armer mann; der hatte einen sohn. Der
162 2223 1445 2262 vater schickt den sohn auf verdienst aus. Der sohn geht zum
162 2282 1445 2325 ufer hinunter und beginnt bast abzuziehen. Zu ihm steigt [aus
161 2343 1445 2387 dem flusse] der sohn des wassergeistes auf und sagt: »Was tust
162 2403 1445 2444 du?» »lch ziehe bast ab!» Der sohn des wassergeistes sagt: »Wozu
162 2463 1444 2504 ziehst du den bast ab?» Der bursche sagt: »Um diesen fluss aus-
