1812 2951
713 275 905 304 — 213 —
594 367 999 408 {paśki̮d tui̭ vekńe̮dige̮n}
595 426 1045 469 {tabjovt̕śis da barjovt̕śis.»}
784 577 832 606 16.
389 658 922 699 {krug še̮ri̮n mi₍t̕śa ni̮v sulale̮,}
393 719 967 759 {krug ge̮ge̮ri̮s l̕o̭k totara bergale̮.}
387 778 875 819 {vi₍d̕źe̮dlas ke̮ i bat̕i̮s lokte̮:}
391 838 1057 878 {»bat̕e̮i̭» pe̮ »bat̕e̮i̭, vešti̮ mene̮, vešti̮!»}
339 897 1086 938 {5. »ni̮le̮i̭» pe̮ »ni̮le̮i̭, mi̮je̮n ne̮ me vešta?»}
387 957 1160 998 {»bat̕e̮i̭» pe̮ »bat̕e̮i̭, med bur śie̮s-zavodnad.»}
387 1016 1033 1057 {»ni̮le̮i̭» pe̮ »ni̮le̮i̭, si̮ don on sulav!»}
391 1118 927 1159 {krug še̮ri̮n mi₍t̕śa ni̮v sulale̮,}
388 1178 960 1218 {krug ge̮ge̮ri̮s l̕o̭k totara bergale̮.}
324 1237 908 1275 {10. vi₍d̕źe̮dlas ke̮ i mami̮s lokte̮.}
389 1298 1123 1339 {»mame̮i̭» pe̮ »mame̮i̭, vešti̮ mene̮, vešti̮!»}
388 1357 1092 1398 {»ni̮le̮i̭» pe̮ »ni̮le̮i̭, mi̮je̮n ne̮ me vešta?»}
438 1496 1025 1536 breite wege ich verschmälerte,
438 1556 805 1596 schief und schräg.»
785 1688 834 1717 16.
232 1761 1201 1802 In eines kreises mitte steht ein schönes mägdlein,
232 1821 1098 1862 um den kreis ein widriger tatare sich dreht.
230 1881 1348 1922 Als [die maid] hinblickt, [sieht sie] ihren vater kommen:
231 1941 1448 1981 »Mein väterchen, mein väterchen, kauf mich los, kauf mich!»
180 2001 1447 2043 5. »Meine tochter, meine tochter, womit soll ich [dich] loskaufen?»
230 2060 1447 2101 »Mein väterchen, mein väterchen, mit deinem besten geschirr.»
230 2120 1449 2160 »Meine tochter, meine tochter, den preis bist du nicht wert!»
232 2214 1209 2255 In eines kreises mitte steht ein schönes mägdlein,
230 2274 1097 2315 um den kreis ein widriger tatare sich dreht.
166 2334 1359 2375 10. Als [die maid] hinblickt, [sieht sie] ihre mutter kommen:
230 2393 1448 2434 »Mein mütterchen, mein mütterchen, kauf mich los, kauf mich!»
230 2453 1450 2496 »Meine tochter, meine tochter, womit soll ich [dich] loskaufen?»
