1812 2973
904 302 1095 331 — 258 —
729 395 1219 436 {śiraśe̮ma karja̭śe̮ma pi̮ri̮ś,}
730 455 1270 496 {parma-še̮r mi̮r me ve̮d pukśi}
728 515 1015 556 {śe̮daśe̮ma pi̮ri̮ś,}
728 575 1183 616 {pi-pu mi̮r me ve̮d pukśi}
665 635 1015 676 {30. viže̮de̮ma pi̮ri̮ś,}
729 696 1166 737 {lopu mi̮r me ve̮d pukśi}
728 757 1005 797 {le̮ze̮de̮ma pi̮ri̮ś,}
728 816 1212 857 {bad̕-pu mi̮r me ve̮d pukśi}
728 876 1033 918 {vužja̭śe̮ma pi̮ri̮ś.}
664 936 1218 978 {35. ki̮r-ke̮tš dor me ve̮d pukśi}
731 997 982 1038 {ki̮rana vi̮ji̮m,}
729 1057 1139 1098 {li̮va-dor me ve̮d pukśi}
728 1117 1009 1158 {buždana vi̮ji̮m,}
728 1177 1211 1218 {va-vi̮v kl̕ap me ve̮d pukśi}
665 1237 977 1279 {40. ve̮jana vi̮ji̮m,}
728 1298 1180 1338 {va-bergat̕ś me ve̮d pukśi}
729 1357 1066 1399 {berge̮d̕t̕śana vi̮ji̮m,}
422 1488 1647 1528 der durch und durch voll harz und [durch das harz] festge-
1179 1548 1351 1586 klebt ist,
421 1608 1341 1648 ich setzte mich hin wie ein stumpf im urwald,
421 1669 1159 1709 der über und über schwarz geworden,
420 1728 1224 1768 ich setzte mich hin wie ein espenstumpf,
356 1789 1093 1829 30. der über und über gelb geworden,
421 1848 1210 1887 ich setzte mich hin wie ein erlenstumpf,
422 1908 1159 1948 der über und über bläulich geworden,
420 1968 1355 2007 ich setzte mich hin wie ein weidenbaumstumpf,
421 2029 1162 2070 der durch und durch eingewurzelt ist.
356 2089 1204 2127 35. Ich setzte mich hin wie ein steiles ufer,
420 2150 852 2188 das niederstürzen will,
419 2209 1239 2249 ich setzte mich hin wie ein sandiges ufer,
421 2270 953 2310 das gleich weggespült wird,.
419 2326 1645 2364 ich setzte mich hin wie ein stück brett auf der wasserfläche,
354 2389 890 2427 40. das eben versinken will,
420 2448 1229 2486 ich setzte mich hin wie ein wasserwirbel,
421 2509 926 2547 der eben sich drehen will,
