1803 2946
910 276 1103 305 — 178 —
464 367 1323 408 {22a). gi̮rd̕źai̮d mati̮n, no on sud̕ź kurt̕t̕śi̮ni̮.}
514 428 1019 469 {0). gi̮rd̕źa-ponte̮ on ji̮ri̮št.}
518 488 1168 530 c). gi̮rd̕źate̮ kurt̕t̕śan, da on sud̕ź.}
465 548 1078 588 {23. i̮₍dži̮d jur, da i₍t̕śe̮t mi̮vki̮d.}
464 608 1246 650 {24. jen ke̮ oz i̮gmi̮št, perna-pas on t̕śe̮vt.}
464 667 1250 710 {25. je̮i̭jase̮s oz kov ke̮d̕źni̮, aśni̮s t̕śuže̮ni̮.}
465 728 824 770 {26. je̮ze̮s en d̕ivit!}
462 789 1066 831 {27. je̮zi̮ś morti̮ś en vod̕źme̮t̕t̕śi̮!}
464 850 1103 891 {28. je̮z kii̮n ńa̭ń vi̮ja da t̕śe̮ski̮d.}
465 910 1124 951 {29. je̮zli̮ en kodji̮ gu, a₍t̕śi̮d uśan!}
465 970 1021 1012 {30. je̮z śorńi vi̮le̮ en vi₍d̕źe̮d!}
463 1031 1097 1072 31. jur vunde̮m be̮ri̮n di̮r on ov.}
465 1091 836 1125 {32. kań moz ole̮ni̮.}
464 1151 1253 1192 {33. ke̮n on ke̮sji̮ šoi̭t̕t̕śi̮ni̮, sen love̮ uźni̮.}
464 1284 1647 1326 22a). Dein ellbogen ist nahe, du erreichst ihn aber nicht
361 1345 674 1378 mit den zähnen.
461 1404 1222 1445 b) An deinem ellbogen nagst du nicht,
462 1464 1646 1505 c) Du beissest nach deinem ellbogen, aber du erreichst ihn
361 1525 465 1558 nicht.
464 1585 1261 1625 23. Grosser kopf, aber kleiner verstand.
463 1645 1644 1686 24. Wenn Gott nicht donnert, bekreuzigst du dich nicht.
463 1705 1643 1744 25. Dummköpfe braucht man nicht zu sähen, sie entstehen
360 1764 565 1797 von selbst,
464 1824 1025 1857 26. Verurteile andere nicht!
462 1884 1645 1925 27. Gehe nicht vor die anderen [d. h. dränge dich nicht vor,
359 1944 658 1984 sei bescheiden]!
462 2004 1645 2045 28. Das brot in eines anderen hand ist [für dich] mit but-
357 2063 876 2097 ter bestrichen und delikat.
461 2124 1581 2164 29. Grabe nicht anderen gruben, du fällst selbst hinein!
463 2184 1645 2223 30. Kümmre dich nicht um das geschwätz fremder menschen!
463 2244 1644 2284 31. Wenn dir der kopf abgehauen ist, kannst du nicht lange
357 2305 465 2337 leben.
463 2363 1412 2405 32. Sie leben wie katzen [d. h. gut, gemütlich].
462 2424 1645 2464 33. Du musst [oft] die nacht über da bleiben, wo du nicht
361 2484 907 2524 [einmal] ausruhen möchtest.
