1807 2933
780 260 817 288 31

776 383 812 411 11
818 406 824 411 .

642 468 660 500 k
672 479 692 500 a
701 470 723 508 <t
732 479 749 498 s
758 479 775 499 a
806 467 826 499 d
835 478 854 500 a
881 468 898 497 .S
912 471 924 498 i
933 478 957 500 r.

266 565 360 586 vazen
392 554 452 586 olis
481 554 532 595 Sjr
553 555 593 587 da
617 555 730 594 kahtia,
777 560 826 586 sir
847 554 905 587 Sue
927 555 975 587 ka.
980 554 1069 594 (sali:
1094 563 1157 587 »me
1180 553 1311 587 turunla
1335 555 1440 588 vatia».

158 615 210 647 Sir
232 615 365 648 turunla
387 627 515 654 munas,
540 628 558 648 a
583 616 684 654 ka,(ja
706 616 761 655 Sjd
782 626 844 656 pue
866 620 979 656 gorlas.
1018 615 1036 646 S
1040 616 1073 648 id
1095 615 1255 657 paklalas,
1280 618 1441 657 pafs-vom

161 676 233 707 dore
256 676 296 707 ka
308 678 357 709 t<a
380 677 501 715 kiskas,
525 676 644 716 girnits
669 677 741 708 dore
764 682 873 709 suvtas
897 677 937 708 da
960 677 1059 708 uvlan
1081 676 1136 717 jur
1137 688 1176 710 en
1191 688 1230 709 us
1232 688 1279 709 as.
1314 677 1363 708 Sir
1379 677 1444 710 lok¬

163 740 225 768 iasi
256 736 383 776 »kajsa,
409 736 591 768 turun-docl
608 736 728 768 rektini
752 736 801 768 lok
805 736 833 768 !»
879 737 979 775 ka,(ja
1004 747 1038 768 oz
1061 740 1122 777 pet.
1169 741 1245 769 »alte
1267 736 1350 775 d'ire,
1376 736 1444 777 taja

162 795 311 828 kittse-ke
333 796 511 836 petslcanen
532 806 712 829 munema.»
748 796 810 836 sije
832 796 924 829 velesl
948 796 1041 829 kuita
1064 797 1175 829 korsas
1199 797 1239 828 da
1263 797 1384 835 korsas,
1408 808 1445 828 oz

162 855 174 887 i
197 856 301 894 ad'd'ij.
334 861 436 895 cjortas
461 856 560 887 loktas
584 857 625 888 da
648 856 661 887 i
683 857 775 888 Suas:
801 856 901 896 »Sjdse
924 857 986 888 alni
1008 856 1023 889 i
1037 856 1195 897 sujema!»
1227 857 1319 888 Soini
1334 856 1443 888 kulas:

162 916 264 955 kajsa
297 917 314 945 S
319 916 352 948 id
383 916 474 956 piin!
518 916 578 956 sije
600 916 746 948 ka.tsalis
770 916 877 957 kujase
898 916 1007 957 perjas
1011 928 1017 953 ,
1042 917 1169 949 va-dore
1193 917 1302 948 letfsas
1325 917 1365 948 da
1390 917 1444 948 ka-

172 976 309 1016 tsa-keja
332 975 416 1008 viltn
439 976 533 1009 lmtas
556 976 673 1008 kivtni.
720 977 815 1017 afsjs
835 976 910 1016 sjle:

573 1066 635 1093 »sir
658 1062 742 1093 kivle
765 1062 834 1093 kate
838 1088 844 1100 ,

574 1122 763 1162 kaJSa-keja
788 1125 828 1162 pj
829 1126 895 1154 ia.»

782 1284 816 1311 11
824 1305 830 1312 .

488 1357 565 1389 Die
597 1365 612 1388 e
624 1357 634 1388 1
645 1366 659 1388 s
672 1360 685 1388 t
697 1366 712 1389 e
723 1366 739 1388 r
770 1358 856 1389 und
890 1358 959 1389 die
991 1367 1023 1390 m
1035 1368 1054 1391 a
1067 1368 1087 1390 u
1098 1368 1123 1392 s.

270 1443 314 1474 Es
348 1452 415 1474 war
447 1442 567 1474 einmal
601 1442 672 1474 eine
704 1450 800 1474 maus
824 1444 892 1474 und
916 1443 987 1474 eine
1012 1443 1120 1475 elster.
1169 1444 1229 1476 Die
1251 1452 1349 1476 maus
1372 1447 1447 1483 sagt

166 1513 224 1534 zur
247 1503 359 1535 elster:
385 1503 458 1535 »Ich
482 1503 563 1543 gehe
587 1512 656 1542 aus,
682 1513 738 1534 um
762 1502 826 1534 heu
850 1512 889 1534 zu
914 1502 1036 1535 holen».
1074 1503 1133 1534 Die
1157 1513 1253 1535 maus
1275 1504 1355 1543 geht
1376 1513 1446 1542 aus,

169 1572 224 1594 um
258 1562 322 1594 heu
357 1573 396 1594 zu
431 1563 539 1602 holen,
575 1562 627 1594 die
660 1563 758 1595 elster
789 1563 868 1595 aber
899 1563 1002 1595 kocht
1034 1563 1180 1595 zuhause
1213 1572 1328 1603 suppe.
1388 1563 1448 1594 Die

167 1632 273 1662 suppe
306 1623 468 1654 verkocht
505 1623 562 1663 [im
597 1622 683 1662 ofen]
721 1623 806 1654 nach
840 1623 908 1653 und
940 1622 1036 1662 nach,
1066 1622 1118 1654 die
1143 1623 1242 1655 elster
1264 1623 1351 1655 zieht
1379 1625 1448 1663 [um

168 1691 288 1715 wasser
320 1682 562 1716 zuzuschütten
597 1684 661 1715 den
693 1683 910 1723 suppentopf]
942 1683 976 1715 in
1007 1683 1058 1716 die
1089 1682 1234 1722 ofentür,
1264 1684 1354 1716 stellt
1378 1684 1448 1716 sich

168 1742 226 1775 auf
257 1744 320 1775 den
353 1744 436 1775 rand
468 1743 526 1775 des
558 1742 667 1782 topfes
701 1744 768 1774 und
793 1743 864 1775 fällt
890 1743 1056 1782 kopfüber
1082 1744 1125 1783 [in
1151 1744 1213 1775 den
1239 1745 1339 1784 topf].
1388 1744 1448 1776 Die

169 1812 264 1835 maus
291 1804 422 1835 kommt
454 1804 684 1843 [nachhause]:
720 1803 855 1839 »Elster,
879 1805 993 1835 komm
1016 1805 1086 1835 und
1111 1804 1255 1836 entleere
1280 1805 1344 1836 den
1368 1805 1451 1836 heu¬

169 1863 358 1896 schlitten!»
404 1864 464 1896 Die
500 1865 597 1896 elster
629 1864 761 1896 kommt
796 1864 888 1896 nicht
920 1865 1050 1896 heraus.
1097 1865 1195 1896 »Potz
1224 1865 1378 1903 tausend,
1403 1864 1449 1896 sie

169 1924 213 1956 ist
248 1923 386 1964 [gewiss]
421 1924 482 1955 mit
514 1923 602 1955 ihrer
632 1924 762 1963 Spindel
790 1923 1015 1963 irgendwohin
1039 1933 1238 1964 gegangen.»
1284 1925 1352 1956 Das
1376 1924 1450 1956 dorf

170 1984 306 2024 entlang
339 1985 437 2016 sucht
470 1984 515 2016 sie
550 1985 618 2016 und
652 1985 750 2016 sucht
781 1985 848 2015 und
880 1984 988 2016 findet
1018 1984 1064 2016 sie
1093 1984 1195 2016 nicht.
1243 1984 1296 2016 Sie
1320 1986 1450 2016 kommt

171 2045 359 2077 nachhause
384 2046 452 2077 und
475 2048 564 2085 sagt:
589 2045 656 2077 »Sie
678 2046 739 2077 hat
762 2045 797 2084 ja
819 2045 872 2077 die
896 2053 1001 2084 suppe
1026 2044 1117 2076 nicht
1145 2044 1189 2084 [in
1207 2045 1269 2076 den
1290 2044 1377 2083 ofen]
1397 2053 1451 2084 ge¬

170 2104 315 2136 schoben
349 2104 467 2144 [damit
499 2105 545 2136 sie
576 2113 679 2136 warm
712 2104 863 2144 bleibt]!»
908 2104 960 2137 Sie
991 2104 1088 2144 fängt
1120 2113 1163 2136 an
1196 2114 1236 2136 zu
1265 2112 1372 2135 essen:
1399 2103 1451 2135 die

171 2165 270 2196 elster
292 2165 323 2196 in
350 2165 407 2196 der
430 2164 552 2204 suppe!
598 2164 650 2196 Sie
674 2164 769 2196 reisst
793 2166 851 2197 der
874 2165 972 2196 elster
995 2165 1054 2196 das
1077 2164 1252 2196 brustbein
1276 2172 1346 2201 aus,
1371 2163 1451 2203 geht

171 2233 247 2256 zum
277 2224 349 2256 ufer
372 2224 530 2255 hinunter
553 2225 621 2256 und
642 2224 780 2264 beginnt
804 2224 862 2256 auf
886 2225 962 2255 dem
985 2224 1160 2256 brustbein
1184 2224 1242 2255 der
1265 2223 1363 2255 elster
1387 2224 1451 2254 den

171 2285 253 2316 fluss
277 2284 550 2316 hinabzufahren.
598 2284 650 2316 Sie
674 2285 780 2316 selber
803 2284 908 2325 singt:

376 2370 452 2402 »Die
476 2379 572 2402 maus
595 2371 686 2402 fährt
710 2370 950 2408 flussabwärts,
976 2370 1231 2408 flussaufwärts,

377 2431 409 2462 in
436 2431 522 2463 ’nem
546 2432 627 2463 boot
651 2440 710 2462 aus
734 2432 809 2462 dem
833 2430 1006 2463 brustbein
1032 2431 1090 2462 der
1112 2429 1237 2462 elster.»
