1805 2947
786 260 891 288 207 —
545 350 971 389 {mi̮i̭ že̮ ti gadai̭tanni̮d?}
543 410 1084 451 {al̕i vere̮s saje me̮de̮d̕t̕śanni̮d?}
548 471 916 512 {me ke̮ ve̮li ge̮ti̮rte̮m,}
544 531 955 572 {mi̮i̭ men ve̮li ovni̮ se!}
545 592 908 631 {baba mene̮ oz l̕ubit,}
543 652 1042 694 {kre̮vai̭t vi̮vśa̭ń mene̮ je̮tkis,}
540 712 943 752 {kijas kokjas t̕śeglaśis,}
481 772 962 811 {10. li̮-śe̮m bi̮de̮n doi̭malis!}
697 920 768 949 13.\1\
389 994 1010 1034 {»matuška, lapuška, ki̮ne̮me̮ viśe!»}
389 1053 1133 1094 {»d̕it̕atka, ol̕ḙńka, pat̕t̕śer dorad kali̮!»}
386 1114 1152 1154 {»»mameńka, mameńka, seni ve̮d žar loe̮.»}
387 1173 1091 1214 {»d̕it̕atko, ol̕ḙńka, pe̮lai̭t dore̮ vodli̮.»}
338 1233 1050 1273 5. mameńka, mameńka, pi-tor vi̮ji̮m!»}
334 1371 728 1403 was sinnt ihr denn?
333 1430 1256 1470 Vielleicht gedenkt ihr einen mann zu nehmen?
284 1490 910 1528 5. Wenn ich unverheiratet wär'
334 1549 931 1583 wie leicht wäre mir das leben!
337 1609 1112 1651 [Aber meine] frau, die liebt mich nicht,
334 1670 1190 1710 aus dem bett hat sie mich hinweggestossen,
336 1730 1098 1769 meine hande und füsse sind gebrochen,
272 1791 893 1831 10. alle glieder sind zerquetscht!
770 1930 842 1960 13.\1\
230 2004 1372 2044 »Mein mütterchen, mein mütterchen, mein leib ist krank!»
230 2064 1385 2105 »Mein kindchen, mein Olgachen, klettre auf den ofenrand!»
228 2123 1449 2163 »Mein mütterchen, mein mütterchen, dort wird mir's zu heiss.»
230 2183 1448 2226 »Mein kindchen, mein Olgachen, leg dich zum schlafen auf die
985 2245 1267 2285 schlafpritsche.»
180 2304 1448 2345 5. »Mein mütterchen, mein mütterchen, ein knäblein ist [in mei-
984 2366 1243 2404 nem schoss]!»
304 2461 1033 2500 Spottlied der burschen auf die mädchen.
