1816 2948
789 271 894 300 87 —
269 361 1451 403 {e̮t̕t̕śi̮d dureń pat̕ś kiśtis da pe₍t̕śinase̮ dod̕d̕e̮ se̮vtis i munis}
166 422 1452 464 {vuzaśni̮. si̮li̮ pani̮d loi kupet̕ś te̮var-dod̕d̕a. dureń vidlis dod̕se̮ kupet̕ś-}
166 482 1451 524 {ti̮ś i šuis: »ku₍tše̮m kokńi tenad dod̕d̕i̮d! vidli̮ te̮ meńt̕śi̮m!» kupet̕ś}
168 542 1451 584 {vi̮dlis i šue̮: »vežśam dod̕nad!» naje dod̕d̕asnas vežśisni̮ i dureń}
168 604 1450 645 {munis gortas. vokjasi̮sli̮ i šue̮: »kiśte̮i̭ pat̕śni̮te̮ da let̕t̕śe̮de̮i̭ vuzavni̮!}
169 664 1452 705 {meni̮m pat̕ś pi̮d̕d̕i te̮var-dod̕ śetisni̮». vokjas ki̮vzisni̮ i let̕t̕śe̮disni̮}
168 724 1453 765 {vuzavni̮ pe₍t̕śina. kor naje̮ voisni̮ kare̮, kutisni̮ gorzini̮: »kodli̮ kole̮}
168 784 1452 826 {pe₍t̕śina?» ki̮lisni̮ je̮z i šue̮ni̮: »pa₍t̕śi̮d-ke̮ kiśśas, kole̮ kiśtni̮ pe₍t̕śi-}
166 843 1450 885 {nase̮ ki̮r ule̮, vuzavni̮ oz kov!» i ve̮tlisni̮ naje̮s. — dureń ozi̮rmis,}
167 904 462 946 {vokjas ge̮l̕misni̮.}
784 987 834 1015 29.
758 1043 865 1076 {iz-ki.}
272 1111 1451 1153 {važe̮n olis vi̮lis muži̮k gozja. nale̮n ve̮li ni̮la pia. muži̮k gozja}
167 1171 1451 1213 {kulini̮. naje̮s ni̮la pia gualisni̮ ge̮be̮t̕ś-guas. nale̮n śojani̮s bi̮ri. e̮t̕ik}
274 1282 1452 1324 Einmal riss der einfältige den ofen nieder, warf den ofen-
167 1343 1449 1385 schutt in einen schlitten und ging aus um [damit] zu handeln.
171 1403 1453 1445 Ihm entgegen kam ein kaufmann mit einer fuhre waren. Der
170 1462 1451 1505 einfältige prüfte den schlitten des kaufmanns und sagte: »Wie
170 1523 1448 1563 leicht doch dein schlitten ist! Probiere doch meinen [schlitten]
172 1583 1452 1624 einmal!» Der kaufmann versuchte ihn und sagt: »Lass uns die
170 1642 1453 1682 schlitten tauschen!» Sie tauschten die schlitten und der einfältige
169 1703 1452 1744 zog nachhause. Zu seinen brüdern aber sagt er: »Beisst eure öfen
172 1763 1453 1805 nieder und geht [sie] zu verkaufen! Mir haben sie für einen ofen
169 1822 1453 1864 eine fuhre waren gegeben.» Die brüder gehorchten [ihm] und
170 1882 1452 1921 machten sich auf, den schutt des ofens zu verkaufen. Als sie in
170 1942 1452 1984 die stadt gelangten, huben sie an zu rufen: »Wer braucht ofen-
170 2003 1452 2043 schutt?» Die leute hörten [es] und sagen: »Wenn dein ofen zer-
170 2063 1451 2102 fällt, so sollst du den schutt unter den abschuss am fluss werfen,
172 2123 1455 2164 verkaufen darf man [ihn] nicht!» Und sie jagten sie fort, — Der
170 2183 1090 2224 einfältige wurde reich, die brüder wurden arm.
1108 2227 1352 2268 (Ust̕sysol̕sk.)
787 2299 836 2328 29.
625 2356 997 2387 Der mühlstein.
275 2424 1453 2459 Es war einmal ein mann und eine frau. Die hatten einen
170 2484 1455 2518 knaben und ein mädchen. Der mann und die frau starben. Der
