1809 2941
698 298 891 327 — 139 —
257 387 1438 430 {»ni̮l! ki̮t̕t̕śi̮ vetlin?» — »me vetli ve̮re̮ ozja·lni̮.» — »i̮li̮·n-e̮ ozja-}
152 447 1438 488 {si̮s?» — »mati̮n, ge̮ra ultas let̕t̕śan, da seni i em.» — »ti unae̮n vot-}
153 508 1439 549 {lad ozse̮?» — »votlam vedra kujime̮n.» — »vuzala·d že̮?» — »ńe-unae̮n}
153 568 539 602 {kor-ke̮ vuzalla·m že̮.»}
256 672 1440 713 {»ki̮t̕t̕śi̮ munan?» — »gorte̮ muna.» — »te ki̮ti̮ś?» — »nošol̕i̮ś.»}
153 732 1438 773 {— »lak, munam ge̮śt̕i·tni̮!» — »ki̮t̕t̕śi̮?» — »mene̮ mort koris vina}
153 790 1439 834 {juni̮.» — »kodi?» — »mii̭a·n že̮ d̕erevńai̮ś. me ke̮sji lakni̮ lun-še̮rnas.»}
153 852 1440 894 {— »tii̭an ta vo ńa̭ńi̮d arkmis?» — »ta vo mii̭an ti̮rmas.» — »śoji̮śi̮d}
157 912 1440 955 {una?»  »abi̮, kujim mort tol̕ke̮; kujim mortle̮ una·-e̮ śojan kole!»}
154 972 1440 1013 {— »te e̮ni ki̮t̕t̕śi̮ vetlin?» — »ńe-ki̮t̕t̕śi̮ eg.» — »ki̮₍d̕źi ńe-ki̮t̕t̕śi̮!» —}
157 1032 1440 1067 {»sot̕ś orde̮ vetli suńi̮sla.» — »ki̮₍d̕źi tene̮ šuue̮ne̮? me̮i̭ ńimi̮d tei̭ad?» —}
156 1101 315 1125 {»iva·n.»}
259 1186 1441 1221 {»voke̮! tei̭ad kerkai̮d kiśśe̮ma. kor me̮dan vil̕se̮ ve̮t̕śni̮?» — »me̮d}
261 1334 1442 1375 »Mädchen! Wo bist du gewesen?» — »lch bin im walde ge-
157 1393 1440 1435 wesen und habe erdbeeren gepflückt.» — »Sind die erdbeeren
158 1453 1440 1495 weit [von hier]?» — »ln der nähe, wenn du bis unten an den
157 1513 1440 1555 hügel gehst, da sind welche.» — »Wieviel erdbeeren pflückt ihr
160 1573 1440 1616 [im allgemeinen]!» — »So drei eimervoll pflücken wir.» — »Ver-
156 1633 1441 1674 kauft ihr [sie] auch?» — »Ein bischen verkaufen wir auch mitunter.»
263 1736 1440 1778 »Wo gehst du hin?» — »Heim gehe ich.» — »Wo bist du
156 1796 1440 1837 her?» — »Aus Nošul.» — »Komm, lass uns auf besuch gehen!» —
158 1856 1441 1897 »Wohin?» — »Mich hat ein mann zum branntweintrinken einge-
158 1917 1440 1952 laden.» — »Wer?» — »Aus unserem dorfe einer. Ich habe ver-
158 1977 1441 2019 sprochen gegen mittag zu kommen.» — »lst euch dieses jahr das
157 2037 1442 2079 getreide gut gediehen?» »Dieses jahr langt es [das brot] uns.»
157 2095 1442 2135 — »Habt ihr viele esser?» — »Nein, nur drei menschen; wie viel
158 2156 1442 2195 essen braucht man für drei menschen!» — »Wo bist du eben ge-
159 2214 1442 2259 rade gewesen?» — »Nirgends.» — »Wieso nirgends!» — »Bei mei-
160 2276 1440 2311 ner schwester war ich um zwirn zu holen.» — »Wie nennt man
157 2337 860 2371 dich? Wie heissest du?» — »lvan.»
261 2440 1440 2480 »Brüderchen! Dein haus ist verfallen. Wann fängst du an
158 2500 1440 2540 ein neues zu bauen?» — »Kommendes jahr.» — »Was hast du
