1802 2953
920 261 1090 290 — 92 —
361 354 1650 395 {oz ad̕d̕źi̮ ńe-kode̮s. vi₍d̕źe̮dlis i ad̕d̕źis kok vi̮las sulale̮ pev kuźa zon.}
361 415 994 456 {zon šue̮: »bat̕e̮, me ve̮d tenad pi!»}
466 475 1648 517 {kor ge̮rani̮ś eštis bat̕, kutisni̮ munni̮ gortas. nali̮ pani̮d loi pop.}
362 536 1652 578 {pop šue̮: »d̕a̭d̕e̮, pite̮ on vuzav?» d̕a̭d̕e̮ šuis: »og!» a pii̮s šuis: »vu-}
361 596 1652 638 {zav, vuzav!» bat̕ vuzalis. pop zonme̮s źeptas śujis, a zon źepśi̮s}
362 657 1651 699 {śe̮mse̮ gi̮le̮dis da i a₍t̕śi̮s petis. tui̭ vi̮li̮ś seśśa śe̮m e̮ktis i munis}
361 718 1652 760 {gortas. gortsajasi̮sli̮ šuis: »mene̮» pe̮ »pop le₍d̕źis, da śe̮m śetis!»}
361 778 1033 819 {seśśa naje̮ ozi̮rmisni̮ da i e̮ni ole̮ni̮.}
977 920 1027 950 32.
961 1007 1048 1036 {pev.}
464 1082 1649 1123 {važe̮n ole̮ma vi̮le̮ma starik gozja. starik kajas ge̮rni̮. si̮je̮ tše̮ktas}
359 1142 1648 1184 {ru₍d̕źe̮g-ńa̭ń pe̮žavni̮. baba pe̮žalas da i kutas še̮ravni̮. si̮le̮n pevji̮s}
360 1202 1650 1246 {vundi̮śis; pevji̮s kote̮rtis porog ulas, pi̮ris kore̮ś ulas. baba ńa̭ńse̮}
360 1334 1650 1375 seinem fusse stehen. Der knabe sagt: »Väterchen, ich bin ja
360 1394 579 1427 dein sohn!»
462 1452 1646 1495 Als der vater fertig gepflügt hatte, begannen sie nachhause
359 1513 1643 1555 zu gehen. Ihnen entgegen kam der priester. Der priester sagt:
358 1572 1645 1613 Onkelchen, verkaufst du [mir] nicht deinen sohn?» Der mann
359 1632 1648 1675 sagte: »Nein!» Der knabe aber sagte: »Verkaufe, verkaufe [mich]!»
360 1692 1646 1732 Der vater verkaufte [ihn]. Der priester steckte den knaben in seine
358 1752 1645 1792 tasche, der knabe aber schüttelte das geld aus seiner tasche her-
358 1812 1646 1854 aus und sprang selber hinaus. Dann sammelte er das geld vom
357 1872 1644 1914 wege auf und ging nachhause. Zu seinen angehörigen sagte er:
357 1931 1648 1975 »Mich hat der priester gehen lassen und hat [mir] geld gegeben!»
360 1992 1318 2025 Darnach wurden sie reich und leben heute noch.
1301 2054 1542 2093 (Ust̕sysol̕sk.)
975 2141 1026 2170 32.
842 2215 1157 2248 Der daumen.
461 2293 1642 2336 Es war einmal ein mann und eine frau. Der mann geht hin
355 2353 1641 2396 um zu pflügen. Er trägt [seiner frau] auf, roggenbrot zu backen.
356 2412 1643 2457 Das weib bäckt und beginnt [das brot] anzuschneiden. [Beim
354 2472 1643 2517 schneiden] schnitt sie sich den daumen ab; der daumen sprang
