1837 2962
933 278 1085 308 — 72 —
374 369 1664 411 {ge̮śt̕iti, da sije̮n i vosa.» »mai̭bi̮re̮i̭ ru₍t̕śe̮i̭, vek ke̮n-ke̮ ge̮śt̕itan! mene̮}
375 430 1659 469 {ke̮t e̮t̕t̕śi̮d nuli̮ ki̮t̕t̕śe̮-ke̮!» »nula eśke̮, mi̮i̭ ne̮ tene̮ e̮tnad te̮ nulan!}
374 491 1660 530 {śo ki̮mi̮n t̕śuke̮rt, da i nula.» ke̮i̭in t̕śuke̮rtas śo ki̮mi̮ne̮s da rut̕ś}
375 551 1660 593 {dine̮ i loktasni̮. rut̕ś i šue̮: »ti ve̮d ode̮ kuže̮i̭ pir vi̮lad ovni̮d. ńi-}
373 611 1660 654 {ne̮m ede̮ śorńite̮i̭, tijane̮s i verdasni̮!» rut̕ś vod̕ź vi̮las mune̮, ke̮i̭injas}
375 672 1661 714 {be̮r vi̮las. rut̕ś naje̮s nuas sar e̮šiń ule̮ da i šuḙ: »sar gospod̕in, ted}
375 732 1659 774 {poma ge̮śńḙt̕ś me̮de̮dis! so ve̮d sije̮ ku₍tše̮m ozi̮r!» sar d̕ivui̭t̕t̕śe̮:}
374 793 1660 834 {»ku₍tše̮m že̮ poma taje!» kartae̮ je̮rtasni̮ ke̮i̭injase̮s. sid̕ź že̮ rut̕ś}
373 853 1660 895 {sarli̮ vajas śo ke̮t̕ś da śo śe̮d-be̮ž. a poma vek pat̕t̕śe̮r vi̮li̮n kui̭le̮.}
373 914 1659 956 {seśśa rut̕ś sar orde̮ loktas da i šue̮: »pomale̮n zev una d̕ḙńgai̮s da}
373 974 1662 1017 {ńe-ki̮d̕ź oge̮i̭ verme̮i̭ li̮d̕ji̮ni̮ ńi merai̭tni̮. vai̭li̮ pudovńate̮!» rut̕ś pu-}
374 1035 1660 1076 {dovńa bośtas, da ki̮ś-ke̮ korśas ki̮k kujim d̕ḙńga, da śume̮d kostas i}
372 1094 1659 1136 {śujas. seśśa sarli̮ i be̮r nuas. sar juale̮: »una-e̮ ne̮ loi?» »me og}
373 1215 1660 1255 war bei homas zu besuch, und daraufhin erbreche ich mich.»
373 1275 1661 1319 »Ach du glücklicher fuchs, immer nur bist du irgendwo zu besuch!
373 1336 1660 1379 Wenn du mich doch auch einmal irgendwohin [auf besuch] mit-
374 1398 1657 1432 nähmst!» »lch nähme dich schon mit, aber was sollte ich dich
373 1457 1656 1498 allein mitbringen! Sammle ihrer hundert [wölfe], so nehme ich
377 1517 1656 1557 [euch] mit.» Der wolf sammelt ihrer hundert, und sie treffen
373 1577 1656 1618 auch beim fuchs ein. Da sagt der fuchs: »lhr versteht ja nicht
373 1637 1660 1677 zu gaste zu sein. Sprecht nichts, — so werdet ihr bewirtet!»
373 1697 1657 1736 Der fuchs zieht vorher, die wölfe hinterdrein. Der fuchs führt
373 1756 1659 1798 sie unter das fenster des zaren und sagt: »Herr zar, homas hat
373 1817 1656 1857 dir ein präsent geschickt! Schau, wie reich er ist!» Der zar ver-
371 1877 1657 1918 wundert sich: »Was für ein homas ist das?» Die wölfe sperren
372 1937 1659 1978 sie in den viehpferch. In derselben weise bringt der fuchs dem
372 1998 1657 2031 zaren hundert hasen und hundert hermeline. homas aber fläzt
372 2058 1656 2098 sich immer nur auf dem ofen. Dann geht der fuchs zum zaren
371 2118 1658 2158 und sagt: »homas hat sehr viel geld, und wir können es auf
371 2177 1658 2216 keine weise berechnen und messen. Gib uns dein pudmass!» Der
372 2238 1656 2279 fuchs nimmt das pudmass, bettelt sich irgendwo zwei, drei geld-
371 2296 1655 2339 stücke zusammen und steckt [sie] zwischen den birkenrindenen
370 2358 1657 2399 rand\1\. Dann bringt, er [das mass] dem zaren zurück. Der zar
474 2446 1659 2484 \1\ Die oberen ränder des pudmasses sind gewöhnlich mit einer
371 2497 1066 2526 schmalen birkenrindenschicht umsäumt.
