1821 2952
930 282 1102 310 — 76 —
374 374 1661 416 {t̕śḙt̕t̕śi̮štas. mami̮s kutas rektaśni̮. kagai̮s šuas: »mame̮, me ge̮be̮₍t̕śad}
373 434 1662 476 {t̕śe̮rsi̮dla da tupi̮l̕i̮dla pi̮rala. mami̮s šuas: »pi̮rav!» sije loktig}
371 495 1660 536 {mozi̮s t̕śḙrsse̮ da tupi̮l̕se̮ ńi̮li̮štas. seśśa mami̮sli̮ šuas: »mame̮, me}
373 555 1660 597 {teni̮d mi̮i̭-ke̮ śi̮la.» mami̮s šuas: »kužan-ke̮, śi̮v!» seśśa sije̮ śi̮vni̮}
373 616 482 648 {kutas:}
788 677 1214 719 {»t̕śe̮rsa tupi̮l̕ae̮s ńi̮li̮šti,}
783 737 1126 778 {me i tene̮ ńi̮li̮šta.»}
372 822 1660 864 {seśśa mamse̮ ńi̮li̮štas. seśśa petas e̮ši̮ń ulas. si̮li̮ pani̮d bat̕i̮s love̮.}
374 883 1660 924 {bat̕i̮sli̮ šuas: »bat̕e̮, me teni̮d mi̮i̭-ke̮ śi̮la.» bat̕i̮s šuas: »kužan-ke̮,}
371 942 803 983 {śi̮v!» sije̮ śi̮vni̮ kutas:}
735 1030 1155 1071 {»t̕śe̮rsa tupi̮l̕ae̮s ńi̮li̮šti,}
733 1089 1146 1130 {rektana babae̮s ńi̮li̮šti,}
732 1150 1074 1190 {me i tene̮ ńi̮li̮šta.»}
372 1236 1660 1276 {seśśa bat̕se̮ ńi̮li̮štas. tui̭ vi̮le̮ petas da i si̮li̮ pani̮d loe̮ pes-dod̕ja}
375 1366 1661 1407 Die mutter sagt: »Wenn du es kannst, so hüpfe!» Darauf hüpft
374 1426 1659 1467 es. Die mutter beginnt garn zu haspeln. Das kind sagt: »Mutter,
373 1485 1659 1527 ich gehe ins untergeschoss um deine spindel und deinen knäuel
374 1546 1659 1586 zu hölen.» Die mutter sagt: »Geh!» Als es [zurück]kommt, ver-
374 1606 1659 1647 schlingt es die spindel und den knäuel. Dann sagt es zu seiner
373 1667 1658 1707 mutter: »Mutter, ich werde dir etwas singen!» Die mutter sagt:
374 1728 1572 1768 »Wenn du es kannst, so singe!» Dann beginnt es zu singen:
425 1813 1442 1853 »Die spindel und den knäuel hab' ich verschlungen,
430 1873 1167 1913 [und nun] verschlinge ich auch dich!»
478 1957 1660 1998 Darauf verschlingt es seine mutter. Dann geht es hinaus,
373 2017 1659 2057 unter das fenster. Ihm entgegen kommt sein vater. Es sagt zu
373 2077 1661 2119 seinem vater: »Water, ich werde dir etwas singen!» Der vater
373 2137 1600 2179 sagt: »Wenn du [es] kannst, so singe!» Es beginnt zu singen:
424 2222 1438 2264 »Die spindel und den knäuel hab' ich verschlungen,
426 2282 1279 2323 die alte samt haspel hab' ich verschlungen,
428 2342 1169 2383 [und nun] verschlinge ich auch dich!»
477 2428 1659 2468 Darauf verschlingt es seinen vater. Es geht fort auf die
373 2487 1661 2528 strasse, und ihm entgegen kommt ein mann mit einer fuhre brenn-
