1836 2962
915 262 1106 291 — 200 —
693 355 1167 398 {a bi̮de̮n saldatske̮i̭ jur-śi!}
693 417 1381 459 {pol̕e̮ vi̮las ve̮d abu dona-t̕śenaa izjas}
694 477 1166 519 {a bi̮de̮n saldatske̮i̭ jur-li̮!}
630 539 1294 580 {40. seni menam musa druge̮i̭ kui̭le!}
694 600 1176 640 {ki̮t̕t̕śe̮ že̮ me set̕t̕śe̮ muna!}
694 661 1195 701 {set̕t̕śe̮ ke̮ ve̮d me me̮de̮d̕t̕śa,}
695 721 1367 762 {menam śinme̮i̭ tupki̮śas be̮rde̮mśi̮s!»}
947 865 976 893 7.
748 938 1071 979 {i̮li̮n i̮li̮n va saji̮n}
744 998 1069 1039 {vi̮l̕ sle̮be̮da ti̮dale͔.}
748 1059 1028 1099 {a vi̮l̕ sle̮be̮dai̮n}
745 1120 1061 1160 {tom de̮va de̮vui̭te̮.}
747 1180 1174 1221 {si̮le̮n mi₍t̕śa ni̮v bi̮dme̮.}
746 1240 1165 1281 {a ni̮li̮s se₍tše̮m mi₍t̕śa:}
746 1300 1233 1339 {śe̮d śin-dora, śe̮d śin-tasa,}
747 1361 1204 1402 {ban vi̮las ale̮i̭ vir vorse̮!}
540 1491 1133 1523 sondern überall soldatenhaare!
539 1551 1402 1590 Auf dem felde sind ja nicht kostbare steine
539 1612 1168 1645 sondern überall soldatenschädel!
475 1672 1265 1712 40. Dort liegt [auch] mein lieber schatz!
538 1732 1181 1772 Warum sollte ich dorthin gehen!
538 1791 1154 1832 Wenn ich mich dorthin begebe,
540 1851 1463 1891 werden ja meine augen in tränen schwimmen!»
1002 1984 1028 2012 7.
436 2056 1011 2096 Weit weit jenseits des flusses
435 2117 1011 2150 ist die neue slobode sichtbar.
437 2177 851 2209 In der neuen slobode
436 2237 914 2277 wohnt eine junge witwe.
386 2296 1212 2329 5. Bei ihr wächst eine schöne tochter auf.
436 2356 1093 2389 Ihre tochter ist in der tat schön:
436 2416 1616 2456 schwarz sind ihre augenwimpern, schwarz ihre augenbrauen,
436 2475 1494 2516 auf ihren wangen spielt das purpurne rot [eig.: blut]!
