1831 2941
751 233 923 262 — 103 —
182 325 1465 369 {kerka. marpida tsarevna pi̮ris da joma baba ni̮rnas pat̕śse̮ lomte̮.}
182 387 1467 430 {»marpida tsarevna, mi̮i̭ ńin vetlan?» »pipili̮s se̮ke̮l tat̕t̕śe̮ ez}
184 448 1465 488 {voli̮?» »volis eśke̮, da este̮n em i₍t̕śe̮t̕ik kerka, — set̕t̕śe̮ munis.» mar-}
181 507 1464 549 {pida tsarevna munis da munis: vois i₍t̕śe̮t̕ik kerka. set̕t̕śe̮ pi̮ris.}
181 568 1465 611 {sen joma baba ni̮rnas ńa̭ńse̮ pa₍t̕śas śujale̮. »marpida tsarevna,}
180 629 1467 671 {mi̮i̭ ńin vetlan?» »pipili̮s se̮ke̮l tat̕t̕śe̮ ez voli?» »volis eśke̮, da more}
181 689 1467 731 {saje̮ munis.» joma baba marpida tsarevnali̮ śetis kujim ke̮ti-goz}
179 748 1466 791 {i kujim kol̕k. joma baba šuis: »voas bia lug. te sete̮n me̮d ke̮ti-}
181 809 1466 851 {gozse̮ ke̮mav. sije̮ kiśśas. voas e̮gi̮ra lug. te sete̮n koi̭me̮d gozse̮ ke̮-}
182 870 1465 911 {mav. kor voan more dore̮, da t̕śuksav ki̮rni̮še̮s vu₍dže̮dni̮». marpida}
181 929 1467 970 {tsarevna vois more dore̮ da kutis ki̮rni̮še̮s t̕śuksavni̮: »ki̮rni̮še̮i̭, ki̮r-}
180 989 1465 1030 {ni̮še̮i̭, vu₍dže̮d mene̮!» marpida tsarevna jur vo₍d̕źi̮n kutis ki̮rni̮š}
181 1049 1464 1091 {kurksi̮ni̮: »kurk, kurk!» marpida tsarevna šuis: »vu₍dže̮d mene̮,}
180 1109 1467 1151 {kujim kol̕k śeta!» ki̮rni̮š šue̮: »kut̕t̕śi̮ś mee̮!» ki̮rni̮š lebe̮dis, bere̮g}
181 1240 1466 1282 holz in den herd [eig. wärmt den herd]. »Prinzess Martha, was
182 1300 1465 1341 streifst du denn umher?» »lst der falke Pipilys nicht hierher ge-
181 1360 1464 1401 kommen?» »Der war wohl hier, aber dort irgendwo ist eine kleine
182 1421 1464 1463 hütte — da ging er hin.» Prinzess Martha wanderte ohne unter-
183 1481 1462 1523 lass: sie gelangte an eine kleine hütte. In diese ging sie hinein.
182 1541 1464 1583 Da steckt die alte {joma} mit der nase brote in den ofen. »Prinzess
180 1601 1465 1641 Martha, was streifst du denn umher?» »lst der falke Pipilys nicht
180 1662 1466 1703 hierher gekommen?» »Der ist wohl hiergewesen, aber er ging auf
184 1721 1464 1762 die andere seite des meeres.» Die alte {joma} gab der prinzess
182 1782 1464 1822 Martha drei schuhpaare und drei eier. Die alte {joma} sagte: »Du
181 1841 1464 1883 kommst an eine feurige wiese. Dort tu das zweite paar schuh
181 1902 1464 1935 an deine füsse. Dasselbe läuft sich entzwei. Du kommst an eine
180 1962 1465 2002 wiese, die voll brennender kohlen ist. Dort tue das dritte paar
179 2023 1464 2056 schuhe an deine füsse. Wenn du an den strand des meeres
187 2082 1464 2123 kommst, so rufe einen raben herbei um [dich] hinüberzubringen.»
183 2142 1463 2183 Prinzess Martha gelangte an den strand des meeres und begann nach
181 2201 1464 2241 dem raben zu rufen: »Räbchen, mein räbchen, bringe mich hin-
179 2256 1463 2302 über!» Uber [eig. vor dem kopfe der] prinzess Martha begann
178 2321 1462 2361 ein rabe zu krächzen: »kurk, kurk!» Prinzess Martha sagte:
177 2381 1461 2423 »Bringe mich hinüber, ich gebe [dir] drei eier!» Der rabe sagt:
178 2440 1464 2483 »Halte dich an mir fest!» Der rabe trug [sie] fliegend [eig. liess
