1807 2962
921 279 1113 308 — 268 —
592 372 1191 412 {śursa lai̭kannad mene̮ gi̮₍t̕śe̮din!}
595 433 1230 473 {eta vi̮le̮ e̮me̮i̭ te kvai̭t ńḙd̕ḙl̕ t̕śe̮žse̮}
594 493 1019 535 {gu dor gort dor vetlin!}
593 553 1269 596 {mi̮i̭ vi̮le̮ bara te i̮štin, je̮je̮i̭ końe̮re̮i̭,}
596 613 1326 656 {i̮₍dži̮d kožini̮s vi̮le̮ al̕i meli ki̮vji̮s vi̮le̮?}
593 674 1493 716 {karta še̮rśi̮s e̮me̮i̭ sije̮ ke̮sjis vai̭ni̮ med bur e̮šse̮}
592 736 1189 777 {al̕i gidńa še̮rśi̮s med bur ve̮vse̮?}
985 909 1049 941 1 f.
748 994 1241 1034 {zarńia śiśke̮i̭, musa voke̮i̭!}
745 1055 1150 1095 {menśi̮m tai̭ te voe̮mi̮d}
745 1116 1164 1149 {śir-kuri̮dse̮ kurdale̮mse̮}
438 1254 1658 1295 an der rückgrat-wiegenstange geschaukelt [d. h. unterm herzen
1194 1314 1386 1354 getragen]!
440 1375 1186 1416 Deswegen bist du ganze sechs wochen
386 1435 1387 1475 5. an des grabes und sarges rand umhergewandelt!
436 1494 1657 1535 Was hat dich denn dazu verlockt [mich fortzugeben], dumme
793 1556 1367 1592 arme du,
435 1614 1397 1655 die grossen geschenke oder schmeichelnde worte?
436 1674 1656 1716 Hat er [der dich verlockte] vielleicht versprochen seinen besten
904 1734 1656 1774 ochsen aus seinem viehhof zu bringen,
435 1795 1220 1834 oder aus seinem stall sein bestes pferd?
982 1958 1044 1988 11.
772 2035 1252 2073 An den geliebten jüngling.
433 2119 1292 2159 Du mein goldlicht, mein trautes brüderlein!
433 2179 1014 2219 Du warst [hier] hergekommen
431 2238 992 2279 um mein teerbitteres klagen,
469 2377 1653 2415 \1\ Der fortsetzung konnte sich die sängerin nicht entsinnen. Augen-
367 2428 1654 2466 scheinlich hat sich ein teil der an die mutter gerichteten klage mit der
365 2479 1199 2517 vorhergehenden klage an den vater vermischt,
