1807 2939
429 910 1280 965 Märchen, sagen und erzählungen.
632 1102 993 1132 A. Untere Ižma.
800 1224 827 1251 1.
755 1316 868 1338 {vasa.}
274 1388 1456 1434 {e̮tpi̮r ti̮ja̭śni̮ kvai̭t mort munini̮s ti̮ vi̮lɛ, sen ti̮sai̮s òz l'ubit}
171 1448 1456 1491 {mat̕ti̮śem: mat̕ti̮śan-kɛ, t̕śḙrisɛ òz śḙt. med tḙni̮d t̕śḙrisɛ śḙtas, vi̮ja}
173 1510 1456 1553 {ńa̭ń le₍d̕źeni̮s vaas si̮li̮ vod̕źa̭śem. — seśśa te̮ńa t̕śē̮tisni̮s, ku₍t̕śisni̮s}
176 1571 1459 1614 {ki̮ski̮ni̮, a e̮tik i mat̕ ve̮i̭pis. seśśa ni̮li̮ś tī̮ni̮ssɛ i kutis vasai̮s, —}
174 1631 1456 1672 {òz lèdź! ki̮k mo̭rt ki̮skisni̮s ki̮skisni̮s da i mi̮₍džisni̮s. seśśa e̮t̕iki̮s}
803 1803 829 1830 1.
610 1886 1024 1926 Der wassergeist.
280 1974 1460 2014 Einmal gingen sechs männer zum see, um das schleppnetz
176 2033 1460 2075 zu ziehen, Dort [im see] liebt der seegeist hässliche schimpf-
179 2094 1462 2134 worte nicht: wenn du ein hässliches wort sagst, gibt er keine
176 2154 1462 2195 fische. Damit er dir fische gebe, wirft man ihm als geschenk
178 2214 1464 2255 butterbrot ins wasser. — Da warfen sie [jene sechs männer] das
178 2274 1464 2316 schleppnetz [ins wasser und] begannen zu ziehen, aber einer
179 2334 1466 2375 sprach da ein hässliches wort aus. Da ergriff der wassergeist ihr
179 2395 1465 2435 netz, — [und] lässt es nicht los! Zwei männer zerrten, was sie
179 2454 1464 2495 konnten, und zerrten sich müde. Da sagte einer von ihnen: »Lass,
