1803 2967
914 278 1042 307 – 186
917 418 1107 451 E. Luza.
934 513 1084 554 (Nošur.)
472 605 1260 648 {129. beda·śi̮d on pi̮šjal: je̮z vi̮lti že̮ vetle̮.}
473 666 1137 708 {130. ez na li̮i̭, a ge̮nse̮ kušte̮· ńin.}
472 726 1172 770 {131. e̮tig-ge̮na ke̮t̕, da med ve̮li paś!}
472 789 1242 828 {132. gi̮rd̕źate̮ kurt̕śan veške̮ da on sud̕ź.}
472 848 1302 890 {133. jen ke̮ oz gi̮mi̮šti̮, i jenme̮s on kodort.}
474 909 1389 952 {134. jen ke̮ oz ore̮d, l̕o̭k je̮z oz vermi̮ni̮ ore̮·dni̮.}
473 970 1133 1013 {135. je̮z ki̮rmi̮n ńa̭ńi̮s pi̮r t̕śe̮ski̮d.}
472 1030 1126 1072 {136. je̮zle̮ en kod gu, a₍t̕śi̮d uśan!}
472 1091 1020 1132 {137. je̮z śorńi vi̮le̮ en vit̕t̕śi̮!}
473 1152 992 1186 {138. kiśśe̮m vate̮ on kural.}
472 1213 1189 1253 {139. ki̮rni̮š ki̮rni̮šli̮ś śinse̮ oz koki̮šti̮.}
472 1273 1446 1314 {140. ki̮ś on kesji̮ va juni̮, sen kold̕źas gaške̮ uźni̮.}
472 1412 1655 1453 129. Dem unglück entfliehst du nicht: das geht ja über
366 1471 1468 1512 menschen [und nicht z. b. über die bäume, vgl. nr. 14].
472 1531 1655 1572 130. Er hat [den vogel] noch nicht geschossen, die federn
365 1591 962 1631 aber rupft er [ihm] schon aus.
471 1652 1612 1693 131. Wenn auch nur ein haar, wenn es nur ein pelz ist!]
472 1712 1654 1753 132. In deinen ellbogen möchtest du beissen, aber du er-
363 1771 693 1804 reichst ihn nicht,
473 1831 1654 1872 133. Wenn Gott nicht donnert, gedenkst du Gottes auch
364 1891 466 1923 nicht.
472 1950 1654 1989 134. Wenn es Gott nicht entzwei reisst, können es die bösen
364 2010 1120 2051 menschen [auch] nicht entzwei reissen.
470 2071 1407 2104 135. In anderer hand ist das brot immer süss.
470 2130 1652 2171 136. Grabe nicht anderen gruben, du fällst selbst hinein!
472 2190 1561 2223 137. Um die reden anderer leute kümmere dich nicht!
471 2249 1653 2291 138. Das wasser, das du vergossen, kratzest du nicht [wie-
362 2310 663 2349 der] zusammen.
470 2369 1548 2410 139. Ein rabe pickt einem raben die augen nicht aus.
470 2430 1653 2469 140. Wo du kein wasser trinken möchtest, da musst du
367 2490 932 2523 vielleicht über nacht bleiben.
