1827 2957
920 237 1093 266 — 68 —
363 328 1653 369 {vi₍d̕źe̮dli̮ni̮. ni̮v i gore̮das: »ad̕d̕źa, ad̕d̕źa!» ke̮in bara d̕ivui̭t̕t̕śe̮ mi̮i̭}
366 389 1652 431 {ni̮vjas si̮ i̮llae̮ ki̮le̮ni̮. nuis d̕a̭d̕e̮ kit̕t̕śe̮ pone̮ i puktis. t̕śuke̮stis}
366 449 1447 491 {d̕a̭d̕e̮e̮s i tše̮ktis bośtni̮. starik gozja jaššik e̮dva pi̮rtisni̮.}
468 510 1653 553 {ke̮in gort dinas vois, t̕śuke̮stis: »ni̮vjas, let̕t̕śe̮ ši̮d puni̮! me}
367 571 1652 615 {ta-lun tši̮g.» ni̮vjas oz let̕t̕śi̮ni̮. ke̮in šuas: »mene̮ ti on-e̮ ki̮vze̮i̭,}
367 631 1654 675 {ke̮źai̭ne̮s?! e̮dje̮₍dži̮k let̕t̕śe̮!» ni̮vjase̮s tše̮ktas da tše̮ktas: ni̮vjas oz i}
368 692 1651 736 {ve̮rźe̮d̕t̕śi̮ni̮. ke̮in bośtas zatetka da li̮jas: ni̮vjasli̮ kujimna·ni̮sli̮ (od.}
368 752 1652 795 {kujimna·nni̮sli̮) inmas. gi̮rjas kiri-l̕uki uśisni̮ da ke̮ine̮s i viisni.}
986 885 1036 915 23.
896 962 1136 995 {oš da ni̮v.}
473 1040 1656 1082 {olisni̮ vi̮lisni̮ starik gozja. nale̮n ve̮li e̮t̕ik ni̮v. kor-ke̮ starikle̮n}
370 1101 1654 1142 {turuni̮s bi̮ri. sije munis turunla. turunse̮ se̮vtas dod̕d̕as da kutas}
369 1231 1657 1272 werst und wieder gelüstet es ihn [in die kiste] zu sehen. Da ruft
372 1291 1656 1334 das mädchen: »lch sehe, ich sehe [es]!» Der wolf verwundert sich
372 1352 1657 1393 wieder, dass die mädchen so weit hören. Er trug [die kiste] an
370 1412 1657 1452 die vorgangstreppe des mannes und stellte [sie] dahin. Er rief den
372 1472 1657 1512 mann heraus und hiess [ihn die kiste] nehmen. Kaum können
374 1532 1272 1573 der mann und die frau die kiste hineintragen.
476 1592 1657 1631 Der wolf kam zuhause an, er rief: »Mädchen, kommt her-
374 1653 1657 1693 unter um suppe zu kochen! Heute habe ich hunger!» Die mäd-
375 1712 1656 1753 chen kommen nicht herunter. Der wolf sagt: »Gehorcht ihr mir,
375 1772 1656 1810 dem hausherrn, nicht?! Kommt auf der stelle herunter!» Den
375 1832 1658 1872 mädchen befiehlt er [dies] ohne unterlass: die mädchen rühren sich
376 1892 1659 1933 aber nicht. Der wolf nimmt eine rutenschlinge und wirft [damit]:
375 1952 1659 1992 alle drei mädchen werden getroffen. Die stampfklötze fielen hol-
376 2013 1561 2054 terdiepolter hernieder und schlugen [im fallen] den wolf tot.
1316 2099 1557 2140 (Ust̕sysol̕sk.)
993 2172 1042 2200 23.
676 2247 1354 2279 Der bär und das mädchen.
479 2324 1660 2357 Es lebte einmal ein mann mit seiner frau. Sie hatten eine
376 2384 1660 2417 tochter. Einmal wurde dem mann das heu alle. Er machte sich
376 2444 1662 2485 auf um heu zu holen. Er legt das heu in einen schlitten und
