1817 2962
953 275 1107 304 — 288 —
656 366 1240 408 {jugi̮d lunane̮i̭, podruženkaane̮i̭!}
656 426 1222 467 {me̮dim i̮lalni̮, me̮dim jansalni}
594 487 1088 528 {15. e̮tinane̮ji̮ś, grudaane̮ji̮ś.}
656 548 1253 590 {kol̕ni̮ tai̭ pe̮ me̮dis ni̮l-ole̮mane̮i̭,}
655 609 1152 651 {uśe̮ tai̭ pe̮ uśe̮ mu-ulane̮je̮,}
656 670 1221 711 {tat̕śe̮ tai̭ pe̮ tat̕śe̮ kok-ultane̮je̮,}
656 730 1207 772 {kok-ultane̮je̮ pe̮, ńid-ge̮pane̮je̮!}
592 791 1179 832 {20. uśe̮ tai̭ pe̮ uśe̮ jur-vi̮lane̮ji̮ś,}
654 851 1198 893 {jur-vi̮lane̮ji̮ś pe̮ golove₍t̕śane̮i̭!}
656 912 1312 954 {te̮ld̕źe̮ tai̭ pe̮ te̮ld̕źe̮ jurśi-ponane̮ji̮ś,}
653 972 1188 1015 {jurśi-ponane̮ji̮ś l̕entajasane̮i̭!}
655 1034 1175 1074 {kol̕e̮ tai̭ pe̮ kol̕e̮ krase̮taane̮i̭}
591 1094 1088 1135 {25. bat̕uško orde̮, polotae̮je̮,}
654 1155 1229 1196 {mat̕uška orde̮ pat̕ś-vod̕ź-pel̕e̮se̮!}
654 1215 1354 1257 {perve̮i̭ tai̭ pe̮ kol̕is t̕śe̮ski̮d ńoń dori̮ś,}
653 1276 1373 1317 {me̮zduk tai̭ pe̮ kol̕is pi₍d̕źe̮s-pon dori̮ś,}
450 1404 1318 1446 Mein helles tagesgestirn, du meine freundin!
449 1463 1671 1506 Wir haben uns [nun] aufgemacht um auseinander zu gehen,
1056 1524 1672 1564 aufgemacht um uns zu trennen
387 1584 1348 1623 15. aus dem zusammensein, aus derselben schaar.
449 1644 1674 1686 Um [alles] zu verlassen setzte sich das mädchenleben in be-
1210 1713 1359 1744 wegung.
450 1765 1181 1805 es fällt, ja es fällt auf den erdboden,
450 1825 1492 1867 es wird getreten, ja es wird unter die füsse getreten,
449 1885 1208 1924 unter die füsse, in eine schmutzgrube!
385 1945 1095 1984 20. Es fällt, ja es fällt vom scheitel.
449 2003 1282 2045 vom scheitel das stirnband [der jungfrau]!
450 2064 1297 2104 Fort flattern, ja flattern vom flechtenende,
448 2124 1179 2157 vom flechtenende die flechtenbander!
448 2183 1197 2224 Es bleibt, ja es bleibt deine schönheit
385 2244 1231 2282 25. bei deinem vater auf der schlafpritsche,
449 2302 1332 2337 bei deiner mutter in der ecke vor dem ofen!
450 2362 1671 2405 Das erste mal [da das mägdlein schied, da] schied sie von der
1208 2423 1628 2462 süssen (mutter-)brust,
449 2482 1669 2524 das zweite mal [da sie schied, da] schied sie von [der mutter] knie,
