1797 2932
696 220 823 250 – 131
152 310 1437 355 {vorsni̮. meni̮m drug śinme̮ uśini̮, turun vi̮las šten doras ki̮k d̕ḙt̕ina}
152 371 1439 415 {sulale̮ni̮; a saraji̮s ve̮li jigana. seśśa mi be̮r berge̮t̕t̕śime̮, pe̮time̮ i̮llae̮}
152 433 1441 477 {i kilt̕śi jignalime̮. seśśa ki̮t̕t̕śe̮e̮d̕ź ez voni̮ bat̕-mam, set̕t̕śe̮e̮d̕ź eg pi̮re̮}
153 490 1438 537 {gorte̮. me si̮ ji̮li̮ś vokjasli̮ eg i viśtal, med oz pondi̮ni̮ polni̮. kodjas}
153 551 1438 598 {ve̮lini̮ se₍tše̮mjasi̮s, jenmi̮s te̮de̮. me si̮śa̭ń e̮ni pi̮r pola gažte̮mjasi̮ś.,}
774 706 823 734 54.
566 780 1029 820 {gažte̮mjas školai̮n,}
259 864 1437 907 {me kodi̮r vele̮tśi, seki e̮t̕t̕śi̮d ke̮₍d̕źi̮d di̮rji uźme̮t̕t̕śime̮ školaas.}
156 924 1439 966 {mi ve̮lime̮ ńol̕e̮n i ri̮tnas zel jona bi̮t-tor gudraśim śorńitim. seśśa}
156 984 1441 1025 {bise̮ kusime̮ da i vodime̮. eg ešte̮ šebraśni̮, drug me̮dar ži̮rjas, vele̮t-}
155 1044 1441 1086 {śan-inas, i̮₍dži̮d tšetkiśi̮s mol̕jasse̮ šarkńitisni̮ le₍d̕źalisni̮ džo₍džas i}
158 1104 1442 1148 {pondisni̮ ge̮gl̕a̭śni̮ šteni̮ś štene̮ džodž kuźai̮s: stol-kokjas vi̮ltii̮s si₍d̕źi}
160 1234 1441 1274 merkte ich, dass auf dem heu an der wand zwei kinder stehen;
160 1293 1443 1335 die heuscheune aber war verschlossen [gewesen]. Da kehrten wir
161 1355 1442 1398 zurück, gingen [aus dem hause] hinaus und sperrten die vortrep-
160 1414 1444 1459 pentür ab. Dann gingen wir nicht in die stube hinein, solange
161 1473 1444 1516 unsere eltern nicht gekommen waren. Den brüdern erzählte ich
162 1535 1444 1576 aber nichts davon [was ich gesehen hatte], damit sie nicht an-
162 1594 1444 1637 fingen sich zu fürchten. Gott weiss, wer sie waren. Seitdem
162 1656 908 1690 fürchte ich mich immer vor kobolden.
781 1789 830 1817 54.
464 1862 1145 1895 Die kobolde in der schule.
267 1946 1445 1989 Als ich in die schule ging, blieben wir einmal bei kaltem
165 2008 1447 2046 wetter die nacht in der schule. Es waren unser vier, und am
165 2068 1445 2108 abend schwatzten und plauderten wir allerhand. Dann löschten
165 2128 1447 2168 wir das feuer aus und legten uns zur ruhe nieder. Wir hatten
165 2187 1447 2228 uns noch nicht in unsere decken gewickelt, da wurden plötzlich
167 2248 1449 2288 im anderen zimmer, in der schulstube, die [holz-lperlen des gros-
167 2308 1448 2349 sen rechenbretts mit krachen auf die diele geworfen und begannen
167 2367 1448 2405 auf der diele von der einen wand zur andern zu rollen; auch
167 2428 1451 2468 über die füsse der pulte sprangen sie so. Ich erschrak so, dass
