1831 3000
733 312 905 340 — 289 —
462 401 1142 447 {koi̭me̮zduk pe̮ kol̕is: me̮dis janse̮dni̮,}
397 463 1067 508 {30. me̮dis janse̮dni̮ pe̮, me̮dis i̮le̮dni̮}
460 524 1037 568 {nemane̮i̭ keže̮ pe̮, vekane̮i̭ keže̮,}
460 583 1122 628 {ńe na-t̕śas keže̮ pe̮, dolgo vek keže̮!}
258 718 1475 766 das dritte mal [da sie schied, da] schied sie, um [ganz] sich
1017 784 1232 819 zu trennen,
193 839 1315 890 30. ging um sich zu trennen, ging um [weit] fortzuziehen
260 903 995 948 für das ganze leben, für die ewigkeit,
262 959 1304 1006 nicht für eine stunde, [sondern] für ihr langes leben!
1368 2544 1397 2569 19
