1812 2937
715 235 757 263 —
780 235 820 264 27

155 328 197 359 da
224 327 235 360 i
258 328 351 360 Sms:
386 337 398 358 »
399 327 520 368 jenmei
522 328 529 368 ,
557 328 685 368 jenmei,
713 328 785 360 med
813 332 839 359 te
861 328 897 359 as
922 328 972 359 ber
994 326 1066 368 vile,
1090 326 1202 368 joma
1227 330 1303 360 vodz
1325 327 1387 360 vile
1410 333 1438 359 ia

158 389 226 420 kod'
246 389 348 426 tjekid
370 399 422 421 ver
446 389 490 421 loe
494 389 522 421 /»
554 391 678 423 sejäem
701 399 752 421 ver
774 389 787 421 i
811 388 862 429 loi.
902 388 915 429 j
927 399 944 420 о
953 389 1035 420 mal
1049 392 1060 418 i
1082 388 1202 421 ne-kiti
1224 394 1315 428 pelni
1337 399 1369 421 se
1385 389 1438 420 loi.

156 454 263 489 gortas
295 449 472 489 berged’fsas
505 449 610 482 fserla.
657 451 721 482 fser
752 449 864 487 bostas,
890 449 1001 487 loklas,
1026 449 1151 481 keralas
1175 449 1213 481 da
1240 448 1378 480 keralas:
1404 460 1441 480 as

157 509 236 549 terig
259 520 310 542 roz
333 510 388 543 loe.
434 512 517 549 »fsas
541 512 575 549 Ц
597 512 695 543 fseres
718 510 810 542 dzeba
817 510 839 543 .»
883 509 990 550 kajjas
1013 509 1026 541 i
1048 510 1157 542 hieni:

569 610 610 637 He
633 605 763 644 d'zeban,
788 604 833 637 mi
856 605 1004 644 add'zam,

568 666 736 706 eksir-pili
759 665 917 704 vistalam,

572 724 747 765 bajar-pili
767 724 954 765 jurbitarn!»

153 819 269 859 joma
292 820 362 857 &ug:
388 829 401 849 »
403 819 537 852 kert-luv
558 819 702 860 sinjasjd
724 819 737 852 i
760 820 913 852 addzeni!
947 822 1014 851 tsas
1037 829 1070 850 ze
1093 822 1175 858 gorte
1190 817 1321 849 Sibita!»
1346 827 1440 848 sesan

156 880 273 911 hbitas
304 878 345 912 da
378 882 442 913 fser
467 881 630 919 gorte,d'zis
653 890 737 913 voas.
782 889 868 911 sessa
893 880 967 911 bara
992 882 1051 911 niv
1075 879 1160 910 bersa
1186 879 1280 910 kutas
1302 880 1440 910 vettsini.

158 940 291 972 koterlas
323 939 362 971 da
394 940 528 972 koterlas
557 940 597 971 da
629 940 703 971 bara
732 943 811 973 suni
834 940 937 972 kutas.
983 943 1040 972 niv
1062 939 1176 971 hbitas
1198 938 1260 971 zud
1283 938 1323 970 da
1346 937 1439 969 hias:

158 1010 170 1030 »
171 1000 299 1040 jenmei,
331 1001 460 1041 jenmei,
492 1001 563 1033 med
565 1011 577 1041 »
609 1012 648 1041 pe
679 1011 730 1033 ms
761 1001 812 1033 ber
840 1000 911 1041 vile,
944 1000 1056 1041 joma
1088 1002 1165 1032 vodz
1198 1000 1259 1031 vile
1289 998 1350 1031 zud
1380 998 1448 1029 kod'

158 1061 312 1100 dfu,dSid
335 1063 397 1093 fsoi
420 1061 496 1094 loe!»
530 1061 680 1100 diudSjd
705 1062 767 1100 fsoj
782 1061 794 1093 i
812 1060 864 1101 loi.
899 1061 911 1101 j
922 1071 939 1092 o
950 1072 981 1093 m
992 1061 1009 1092 а
1035 1061 1222 1100 bergsdfsas,
1242 1060 1306 1092 (4er
1325 1058 1438 1095 bostas,

158 1121 171 1152 i
194 1121 287 1153 kutas
319 1123 384 1153 fsoi
414 1122 559 1154 keravni.
606 1122 730 1153 keralas
762 1122 801 1153 da
835 1121 970 1159 keralas,
1001 1133 1036 1152 as
1066 1121 1143 1160 terig
1167 1132 1217 1152 roz
1241 1120 1317 1152 loas.
1364 1119 1438 1150 bara

157 1249 260 1282 »Mein
286 1251 377 1284 Gott,
404 1251 492 1283 mein
517 1251 609 1290 Gott,
634 1259 729 1283 wenn
753 1251 837 1283 doch
862 1251 914 1283 ein
940 1250 999 1283 wie
1021 1251 1108 1283 diese
1136 1252 1273 1291 [bürste]
1297 1260 1333 1283 so
1349 1251 1442 1283 dich¬

157 1313 209 1342 ter
242 1310 325 1341 wald
358 1310 470 1342 hinter
492 1311 556 1342 mir
578 1312 647 1342 und
672 1320 732 1342 vor
756 1310 813 1351 der
835 1310 920 1351 joma
945 1310 1160 1343 entstünde!»
1206 1312 1256 1342 Da
1281 1312 1440 1342 entstand

158 1370 242 1401 auch
267 1370 318 1401 ein
336 1370 464 1403 solcher
480 1370 574 1402 wald.
613 1370 672 1410 Die
688 1370 773 1410 joma
792 1371 918 1402 konnte
935 1370 1019 1409 jetzt
1036 1369 1252 1409 nirgendshin
1268 1370 1439 1411 gelangen.

157 1430 210 1462 Sie
241 1431 339 1463 kehrt
362 1431 554 1464 nachhause
577 1431 712 1468 zurück,
739 1440 793 1462 um
818 1430 891 1463 eine
913 1432 973 1463 axt
1000 1433 1050 1470 [zu
1074 1430 1197 1469 holen].
1242 1430 1295 1462 Sie
1320 1431 1440 1462 nimmt

157 1491 209 1523 die
233 1494 303 1530 axt,
328 1492 459 1523 kommt
485 1491 644 1531 [zurück],
670 1492 772 1523 hackt
798 1491 867 1523 und
891 1491 1007 1523 hackt:
1033 1491 1085 1522 ein
1109 1490 1194 1528 loch,
1218 1498 1255 1523 so
1271 1500 1364 1531 gross
1379 1491 1440 1524 wie

156 1552 213 1589 sie,
238 1552 400 1584 entsteht.
438 1551 567 1584 »Gleich
592 1552 763 1584 verstecke
788 1552 838 1583 ich
863 1551 915 1583 die
939 1554 1014 1584 axt»
1041 1553 1125 1591 [sagt
1151 1550 1203 1591 die
1225 1550 1337 1591 joma].
1381 1550 1441 1583 Die

157 1611 252 1653 vögel
276 1613 356 1644 aber
377 1621 493 1653 sagen:

311 1699 378 1730 »Du
403 1698 567 1738 verbirgst
595 1697 676 1738 [sie],
702 1698 760 1729 wir
783 1698 883 1730 sehen
911 1699 981 1737 [es],

311 1759 385 1790 dem
411 1759 494 1790 solin
518 1759 576 1790 des
600 1759 727 1790 fürsten
752 1767 852 1797 sagen
878 1757 935 1789 wir
962 1760 1031 1798 [es],

312 1828 372 1850 vor
396 1819 471 1851 dem
494 1819 578 1851 sohn
601 1819 660 1850 des
682 1819 822 1858 bojaren
848 1820 1034 1857 verbeugen
1061 1817 1117 1850 wir
1140 1818 1233 1849 uns!»

262 1912 321 1952 Die
344 1913 430 1952 joma
448 1915 536 1952 sagt:
563 1913 646 1944 »Das
662 1912 763 1944 sehen
779 1912 814 1952 ja
830 1911 882 1944 die
899 1912 1152 1952 scharfäugigen
1175 1912 1247 1951 [eig.
1266 1912 1319 1944 die
1336 1911 1440 1943 eisen-

155 1972 391 2013 nagelaugen]!
440 1972 552 2005 Gleich
587 1973 686 2004 werfe
722 1972 773 2004 ich
812 1972 876 2012 [die
911 1973 981 2011 axt]
1018 1972 1244 2004 nachhause!»
1288 1972 1361 2003 Von
1397 1973 1440 2004 da

156 2032 244 2064 wirft
279 2032 335 2072 sie,
370 2033 438 2064 und
471 2032 523 2064 die
555 2035 614 2064 axt
646 2032 739 2073 fliegt
762 2032 813 2063 bis
836 2032 869 2063 in
894 2032 944 2063 ihr
967 2032 1060 2064 haus.
1109 2032 1208 2064 Dann
1232 2032 1368 2071 beginnt
1394 2032 1439 2063 sie

156 2092 276 2125 wieder
313 2093 390 2125 dem
428 2093 590 2127 mädchen
630 2093 883 2125 nachzusetzen.
941 2092 991 2125 Sie
1029 2091 1116 2125 läuft
1155 2093 1240 2123 ohne
1276 2091 1440 2125 unterlass

156 2154 223 2184 und
249 2152 292 2185 ist
316 2154 436 2186 wieder
460 2152 584 2191 soweit,
610 2154 685 2185 dass
709 2152 755 2185 sie
779 2161 812 2184 es
836 2152 941 2193 gleich
966 2152 1133 2192 eingeholt
1158 2153 1227 2184 hat.
1263 2153 1330 2184 Das
1347 2153 1440 2184 mäd¬

155 2213 238 2245 chen
264 2213 350 2245 wirft
375 2214 439 2246 den
464 2213 634 2246 Wetzstein
663 2213 784 2254 [hinter
808 2212 888 2252 sich]
916 2214 984 2245 und
1005 2215 1094 2252 sagt:
1120 2212 1222 2245 »Mein
1241 2213 1332 2251 Gott,
1351 2212 1440 2245 mein

156 2273 250 2312 Gott,
275 2283 369 2305 wenn
395 2274 478 2305 doch
504 2274 554 2305 ein
576 2273 682 2306 hoher
696 2274 786 2313 berg,
804 2282 840 2305 so
860 2273 958 2314 [hart]
977 2272 1037 2306 wie
1055 2274 1112 2305 der
1128 2273 1312 2312 Wetzstein,
1329 2273 1440 2304 hinter

156 2333 219 2365 mir
250 2334 319 2366 und
352 2343 412 2366 vor
444 2334 501 2374 der
532 2334 617 2374 joma
655 2333 867 2365 entstünde!»
914 2333 976 2365 Ein
1008 2342 1136 2373 grosser
1166 2333 1247 2373 berg
1279 2333 1439 2365 entstand

154 2394 252 2426 auch.
299 2394 359 2434 Die
381 2394 468 2434 joma
492 2394 588 2425 kehrt
619 2402 687 2432 um,
712 2393 833 2425 nimmt
859 2394 951 2434 [ihre]
978 2396 1038 2425 axt
1062 2394 1130 2425 und
1154 2392 1293 2433 beginnt
1318 2393 1348 2424 in
1375 2394 1437 2424 den

154 2454 236 2494 berg
259 2463 299 2485 zu
322 2454 462 2487 hacken.
499 2454 551 2485 Sie
574 2454 677 2486 hackt
702 2455 769 2485 und
792 2453 907 2492 hackt,
935 2454 1027 2493 [und]
1048 2453 1098 2485 ein
1116 2453 1201 2490 loch,
1219 2462 1255 2485 so
1272 2461 1364 2492 gross
1379 2452 1440 2484 wie
