1818 2963
706 304 898 333 — 259 —
535 397 1016 439 {si̮kti̮l dor me ve̮d pukśi}
534 458 941 498 {ež-vae̮ petke̮dan vi̮ji̮n,}
472 518 1004 559 {45. e ž-va dor me ve̮d pukśi}
537 577 994 619 {dvinae̮ petke̮dan vi̮ji̮n,}
536 637 1019 679 {dvina dor me ve̮d pukśi}
536 698 932 739 {moree̮ petke̮dan vi̮ji̮n.}
536 757 1011 799 {moreas ke̮ mene̮ petke̮das,}
474 818 1017 858 {50. šude̮i̭ ke̮ menam oz ti̮rmi̮,}
537 878 1067 918 {mort-nemi̮m ve̮d meni̮m love̮}
539 938 893 977 {more še̮ras ki̮lavni̮,}
537 998 937 1039 {gi̮i̮ś gi̮e̮ da vali̮ś vale̮}
536 1057 908 1097 {je̮tkaśni̮ da ki̮lavni̮:}
475 1118 958 1159 {55. e̮tar va-dorśis je̮tki̮št̕śa}
540 1178 878 1217 {da me̮daras og vo.}
336 1410 1200 1451 ich setzte mich hin wie am ufer der Sysola,
337 1470 1068 1511 die eben in die Vyčegda stürzen will,
273 1530 1239 1571 45. ich setzte mich hin wie am ufer der Vyčegda,
338 1590 1022 1629 die eben in die Dvina stürzen will,
339 1650 1196 1688 ich setzte mich wie am ufer der Dvina hin,
338 1710 939 1743 die eben ins meer stürzen will.
339 1770 1203 1811 Aber wenn mich [der strom] ins meer zieht,
273 1830 982 1871 50. wenn das glück mir nicht reicht,
339 1890 995 1931 dann muss ich mein ganzes leben
340 1950 940 1989 mitten auf dem meere treiben,
341 2011 1094 2052 von welle zu welle, von woge zu woge
339 2070 962 2103 mich werfen lassen und treiben:
278 2130 1110 2170 55. vom einen ufer werde ich fortgedrängt,
340 2190 1106 2223 und das andere ufer erreiche ich nicht.
