1818 2980
988 268 1114 296 316 —
697 362 1086 402 {5. »pie̮, pie̮, paśtaś!»}
747 421 1327 465 {»ke̮t̕ ve̮d paśtaśa, og že̮ jurbit.»}
748 482 1071 524 {»pie̮, pie̮, jurbit!»}
747 543 1327 585 {»ke̮t̕ ve̮d jurbita, og že̮ ke̮maś!»}
748 604 1066 645 {»pie̮, pie̮ ke̮maś!»}
684 667 1305 708 {10. »ke̮t̕ ve̮d ke̮maśa, og že̮ mun.»}
746 728 1048 769 {»pie̮, pie̮, mun!»}
747 789 1310 832 {»ke̮t̕ ve̮d muna, og že̮ u₍džav.»}
993 924 1041 952 16.
744 998 1195 1039 {śe̮d ve̮r še̮ri̮n ve̮v ge̮rdle̮,}
748 1058 1111 1098 {ve̮v vi̮las zon be̮rde̮.}
746 1120 1300 1159 {»zonme̮i̭, zonme̮i̭, mi̮i̭ be̮rdan?}
745 1180 1077 1221 {aji̮d mami̮d lokte̮,}
695 1240 1180 1281 {5. rot̕ś jag vi̮li̮n puv vote̮,}
745 1302 1140 1342 {bi̮gi̮d vi̮li̮n tšak vote̮,}
746 1363 1202 1404 {komi latka ti̮r rok puis,}
385 1493 1190 1532 5. »Mein sohn, mein sohn, zieh dich an!»
434 1553 1348 1591 »Zieh' ich mich auch an, ich bete doch nicht.»
434 1613 1021 1653 »Mein sohn, mein sohn, bete!»
434 1672 1454 1711 »Bete ich auch, ich ziehe keine schuh an die füsse.»
435 1733 1469 1771 »Mein sohn, mein sohn, zieh die schuh an die füsse.»
371 1793 1540 1833 10. »Zieh' ich auch schuh an die füsse, ich gehe nicht fort.»
432 1853 1096 1893 »Mein sohn, mein sohn, geh fort!»
432 1912 1195 1952 »Geh' ich auch fort, ich arbeite nicht.»
1368 1965 1553 2006 (Vyl̕gort.)
987 2053 1035 2082 16.
432 2126 1405 2168 Inmitten eines finsteren waldes wiehert ein pferd.
430 2187 1541 2227 auf dem rücken des pferdes [sitzt und] weint ein knabe.
430 2246 1324 2285 »Mein knabe, mein knabe, warum weinst du?
429 2306 1076 2345 dein vater, deine mutter kommt,
380 2366 1528 2407 5. im russentannicht pflückt sie [die mutter] preiselbeeren,
429 2426 1352 2467 an dem weissen mooshügel liest sie schwämme,
429 2485 1290 2526 eine syrjänische pfanne kochte sie voll brei,
