1817 2953
737 254 780 283 —
802 254 841 283 37
867 269 885 272 -

179 352 213 383 öS
244 352 314 383 Sue:
349 349 539 391 »lapa-peles
571 349 705 390 puktini
728 348 781 380 ket'
800 347 898 380 ledz!»
940 347 991 379 Sir
1014 347 1130 380 tSektas
1154 350 1259 388 pirni.
1305 347 1340 379 oS
1362 348 1460 388 piris.

180 413 257 444 hara
278 411 328 443 Sir
351 412 444 443 kulas
466 414 568 449 s}vni:

588 488 652 519 »Sir
674 488 757 527 kivte
780 487 865 519 kate»

589 551 652 580 etc.
678 551 740 580 etc.
765 548 840 588 (wie
864 548 973 588 oben).

178 646 247 679 seki
277 649 402 678 stavnis
434 643 645 678 onmovsisni.
689 644 739 675 Sir
769 647 910 684 stavnjse
939 642 1074 675 nafskas
1102 642 1115 675 i
1144 643 1236 675 kulas
1261 643 1336 674 hara
1359 655 1374 675 s
1377 646 1459 676 imi:

592 729 649 759 »Sir
673 729 755 760 kivte
779 729 849 760 kate

588 788 778 829 ka.tSa-keja
801 791 905 828 pizen,

593 850 656 880 moi
679 848 763 888 lopta
787 848 855 888 peli
855 859 923 883 sen,

588 909 698 941 ur-beS
721 907 836 947 zibjen,

590 968 717 1001 kets-ku
741 978 833 1008 pasa,

588 1028 720 1061 rufs-ku
741 1028 881 1064 Sebrasa,

588 1088 736 1129 kejin-ku
758 1089 918 1129 vot-pasa,

589 1149 684 1180 oS-ku
705 1148 856 1189 jur-lesa:

589 1209 656 1240 liva
679 1209 768 1241 dorse
789 1208 924 1249 zibjiSte,

590 1269 727 1301 Icir-ketS
748 1269 838 1301 dorse
859 1272 928 1301 sini
927 1269 943 1298 S
946 1273 1000 1301 te.»

179 1410 327 1450 nigstens
357 1410 503 1442 hinein!»
551 1410 610 1442 Die
633 1418 729 1442 maus
752 1409 878 1441 fordert
906 1409 981 1451 [den
1005 1409 1119 1448 bären]
1146 1410 1203 1441 auf
1227 1418 1268 1440 zu
1291 1409 1448 1440 kommen

182 1470 246 1501 Der
269 1470 330 1501 bär
352 1470 440 1502 kam.
488 1469 678 1502 Wiederum
701 1469 840 1510 beginnt
864 1470 917 1501 die
940 1477 1037 1502 maus
1060 1478 1100 1499 zu
1123 1468 1254 1509 singen:

281 1564 357 1596 »Die
381 1573 477 1596 maus
500 1563 615 1596 schifft
638 1564 702 1595 den
727 1563 808 1595 fluss
831 1564 944 1601 hinab,
969 1563 1034 1595 den
1058 1563 1139 1594 fluss
1162 1562 1307 1600 hinauf,»

281 1627 348 1657 etc.
373 1628 435 1656 etc.
462 1625 535 1663 (wie
560 1625 670 1664 oben).

285 1720 382 1751 Dann
413 1718 570 1751 schliefen
603 1718 649 1750 sie
681 1719 743 1750 alle
776 1718 837 1750 ein.
886 1718 946 1749 Die
978 1726 1074 1749 maus
1104 1718 1208 1750 sticht
1229 1717 1291 1749 alle
1315 1719 1368 1748 tot
1391 1717 1461 1748 und

180 1778 318 1819 beginnt
341 1778 463 1811 wieder
486 1788 525 1810 zu
549 1778 682 1818 singen:

283 1864 359 1896 »Die
382 1872 478 1896 maus
501 1864 616 1896 schifft
640 1865 703 1896 den
727 1865 809 1895 fluss
833 1864 945 1902 hinab,
970 1864 1033 1895 den
1057 1864 1139 1894 fluss
1162 1863 1292 1900 hinauf,

282 1924 314 1956 in
339 1924 447 1956 einem
470 1925 560 1955 kahn
584 1933 644 1956 aus
667 1925 743 1956 dem
766 1923 940 1955 brustbein
965 1924 1023 1955 der
1046 1923 1155 1961 elster,

281 1984 344 2016 mit
368 1983 474 2016 einem
497 1985 606 2022 rüder,
631 1984 748 2016 dessen
772 1984 860 2015 blatt
884 1992 943 2016 aus
966 1982 1061 2015 biber
1083 1982 1137 2021 ist,

283 2043 344 2074 mit
368 2043 458 2075 einer
479 2044 697 2084 bootsstange
720 2052 799 2075 vom
822 2043 976 2075 schwänz
999 2043 1057 2075 des
1081 2041 1342 2074 eichhörnchens

282 2104 332 2134 ihr
355 2104 427 2143 pelz
452 2104 493 2135 ist
517 2113 577 2135 aus
600 2103 770 2142 hasenfeil,

282 2163 351 2195 ihre
375 2165 477 2196 decke
502 2173 560 2196 aus
583 2163 748 2201 fuchsfeil,

283 2223 333 2254 ihr
356 2224 430 2255 bett
454 2233 513 2256 aus
536 2224 699 2262 wolfsfell,

280 2283 332 2315 ihr
354 2283 547 2324 kopfkissen
572 2294 632 2316 aus
654 2284 831 2317 bärenfeil:

283 2343 333 2374 bei
358 2344 421 2376 den
445 2345 664 2377 Sandbänken
689 2346 790 2376 stösst
816 2344 860 2375 sie
888 2344 963 2384 [den
988 2343 1090 2381 kahn]
1117 2342 1179 2374 mit
1203 2343 1262 2374 der
1284 2344 1401 2382 Stange

1101 2404 1273 2440 vorwärts,

280 2463 334 2486 am
359 2455 474 2487 steilen
501 2456 572 2487 ufer
594 2457 708 2488 rudert
733 2456 805 2487 sie.»
