1824 2957
722 267 828 296 – 89
167 357 1455 399 {loe̮: »ki̮t̕t̕śe̮ že̮ ti munanni̮d?» »sar iz-ki pi̮šje̮dis da sije̮s korśni̮.»}
168 418 1452 461 {»mete̮g ti sije̮s one̮ ad̕d̕źe̮i̭!» »sid̕ź-ke̮, te mijanli̮ indi̮!» seśśa kujime̮n}
166 479 1449 522 {naje̮ munasni̮ da munasni̮, sar e̮šiń ule̮ loktasni̮. petuk gore̮das:}
166 539 1454 581 {»sar, vai̭ iz-kitḙ!» »sar tše̮ktas petuke̮s pi̮vśane̮ je̮rtni̮ da pi̮vśanse̮}
165 600 1453 642 {e̮zti̮ni̮. petuk zev una va vod̕ź vi̮v jue̮ma, bi kuse̮das da sar e̮šiń ule̮}
166 660 1454 702 {bara voas: »sare̮, vai̭ iz-kitḙ!» »mi̮i̭ že̮ ńin ta-ke̮d kutan kerni̮, ši̮bite̮i̭}
165 720 1036 762 {iz-kise!» petuk bośtas iz-kise̮ da t̕śoi̭li̮ i śetas.}
781 869 832 898 30.
743 944 873 976 {ńebi̮t̕.}
266 1029 1452 1070 {važe̮n olisni̮ vi̮lisni̮ starik gozja. nale̮n ve̮li kujim pi. e̮t̕t̕śi̮d}
165 1089 1450 1132 {pijan munini̮ naže̮vit̕t̕śi̮ni̮ da ve̮re̮ i vošjini̮. e̮t̕ik vok šue̮ med i₍t̕śe̮t}
165 1150 1449 1190 {vokli̮, ivan durakli̮: »voke̮, kai̭li̮ že̮ pu ji̮le̮, oz-e̮ ke̮n-ke̮ ti̮dav bi».}
164 1280 1450 1321 kommt ihnen entgegen: »Wo geht ihr denn hin?» »Der zar hat
168 1340 1450 1381 [uns] den mühlstein entrissen und den zu suchen [sind wir unter-
164 1400 1450 1440 wegs].» »Ohne mich findet ihr ihn nicht!» »Wenn es so ist, so
164 1459 1448 1501 zeige du [ihn] uns!» Dann gehen sie zu dreien fürbass und wan-
165 1520 1448 1561 dern; sie gelangen unter das fenster des zaren. Der hahn ruft:
164 1579 1450 1621 »Zar, gib den mühlstein her!» Der zar befiehlt den hahn in die
164 1640 1448 1679 badestube zu sperren und die badestube in brand zu stecken.
165 1700 1448 1740 Der hahn hatte vorher sehr viel wasser getrunken, löscht [nun
164 1759 1448 1800 mit dem wasser] das feuer aus und kommt wieder unter das fen-
164 1818 1447 1859 ster des zaren: »Zar, gib den mühlstein her!» »Was kann man
164 1878 1450 1919 nun mit diesem [hahn] anfangen, werft den mühlstein hinaus!»
165 1938 1379 1979 Der hahn nimmt den mühlstein und gibt [ihn] der schwester.
295 1999 1345 2039 6 (Ust̕sysol̕sk.)
780 2079 830 2107 30.
440 2154 1176 2196 Eine unmögliche geschichte.
267 2240 1447 2273 Es war einmal ein mann und eine frau. Sie hatten drei
163 2299 1447 2341 knaben. Einmal gingen die knaben auf verdienst aus und ver-
163 2358 1448 2400 irrten sich [dabei] im walde. Einer von den brüdern sagt zu dem
163 2419 1447 2459 jüngsten bruder, dem dummen Hänschen: »Bruder, klettre doch
163 2478 1450 2520 in einen baum [und sieh nach], ob nirgends feuer zu sehen ist.»
