1805 2972
995 280 1121 309 130 —
379 370 1666 414 {»seśśa» pe̮ »me kutśiśi tuśa-pu dine̮ i li̮d̕ji̮ni̮ pondi mol̕itvajas. seśśa}
379 432 1668 474 {stavi̮s drug vošini̮. me» pe̮ »ome̮l̕ika ve̮li kod kod̕. pe̮rai̮s ve̮le̮ma lun-}
376 492 1152 535 {še̮r ge̮ge̮r. nije̮» pe̮ »gažte̮mjasi̮s i ve̮lini».}
997 625 1046 655 52.
934 706 1107 743 {gažte̮m.}
479 789 1664 830 {e̮t̕t̕śi̮d mijan mame̮ pukale̮ma e̮l̕e̮ksani̮n i ve̮le̮mae̮ś ńol̕-e̮ vi-}
377 849 1668 891 {te̮n. seśśa drug pelat̕śa̭ńi̮s śe̮lźe̮ma kod-ke̮ dul̕se̮. vi₍d̕źe̮dle̮mae̮ś da}
376 910 1320 952 {pelat̕as ńe-kod abi̮ ve̮le̮ma. sije̮, pe̮, ve̮li gažte̮mi̮s.}
993 1043 1044 1072 53.
787 1119 1251 1160 {gažte̮mjas saraji̮n}
477 1204 1663 1246 {e̮t̕t̕śi̮d mi kujim vok — seki i₍t̕śe̮te̮ś na ve̮lime̮ —, kor bat̕-mam}
374 1265 1664 1307 {ez ve̮lni̮ gorti̮nas, pondime̮ kai̭ni̮ saraje̮ i ke̮sjime̮ seni turun vi̮las}
372 1396 1662 1438 fort!» »Da ergriff ich», erzählte [der mann], »einen wacholder-
372 1457 1661 1497 busch und begann gebete herzusagen. Da verschwanden sie plötz-
374 1517 1660 1557 lich alle. Ich war ein wenig betrunken. Es war gegen mittag.
374 1577 1290 1618 Es [die männer] waren aber kobolde gewesen.»
994 1707 1043 1736 52.
873 1782 1164 1814 Der kobold.
478 1858 1659 1898 Einmal sass unsere mutter bei Alezander [in der stube Ass]
372 1917 1661 1958 und ihrer [der da sitzenden] waren es vier oder fünf. Da spie
371 1977 1661 2019 plötzlich jemand von der schlafpritsche seinen speichel herab. Sie
369 2038 1658 2078 blickten [auf die pritsche] hin, aber auf der pritsche war niemand.
374 2099 1064 2138 Es war, meinen sie da, der kobold.
994 2230 1044 2259 53.
608 2303 1427 2336 Die kobolde in der heuscheune.
478 2379 1660 2420 Einmal begannen wir drei brüder — damals waren wir noch
371 2438 1666 2479 klein —, als die eltern nicht zuhause waren, in die heuscheune
371 2498 1666 2539 zu klettern und wollten dort auf dem heu spielen. Plötzlich be-
