1827 2967
910 266 1104 295 — 158 —
469 359 1650 401 {125. kudje̮ bi̮d tor pože̮ pukti̮ni̮, ki̮k tor oz poź. — te̮li̮ś- da}
364 420 614 459 {šondi-vu₍dže̮r.}
471 481 1484 524 {126. kudji̮s zev śe̮d, vevti̮s zev je₍dži̮d. — mu i li̮m.}
471 542 1288 584 {127. kudji̮s važ, vevti̮s vi̮l̕. — mu da li̮m.}
471 604 1228 645 {128. kud ti̮r ge̮rd pań. — pa₍t̕śi̮n e̮gi̮r.}
472 664 1651 706 {129. kud ti̮r šeg, da ki̮k tiśne̮i̭. — ko₍d̕źuvjas, te̮li̮ś da šondi̮.}
472 725 1283 766 {130. kumi̮s i₍t̕śe̮t, kl̕u₍t̕śi̮s i̮₍dži̮d. — raka.}
472 786 1652 827 {131. kuran kuran vi̮li̮n ge̮n-meše̮k, ge̮n-meše̮k vi̮li̮n kašńik,}
368 846 983 887 {kašńik vi̮li̮n ki̮k mol̕. — t̕śipan,}
474 907 1654 949 {132. kuź kuź gez sud̕t̕śe̮ mu ge̮ge̮r, va ge̮ge̮r; jur ge̮ge̮r oz}
368 968 613 1000 {sud̕ź. — śin.}
474 1028 1566 1070 {133. kuž kuź mort, da lun i voi̭ jurbite̮. — kaga-lai̭kan,}
475 1089 1657 1129 {134. kuž kuź zon, da ńe̮t̕t̕śi̮d šondise̮ oz ad̕d̕źi̮v. — labit̕ś}
369 1150 497 1182 {uv ker.}
475 1273 1656 1314 125. In einen korb kann man allerhand legen, [nur] zweier-
370 1332 1434 1367 lei nicht, — Der schatten des mondes und der sonne.
476 1394 1658 1435 126. Der korb ganz schwarz, sein deckel ganz weiss. —
372 1454 707 1486 Erde und schnee.
476 1505 1656 1544 127. Der korb ist alt, sein deckel neu. — Erde und schnee.
477 1565 1608 1598 128. Ein korb voller roter löffel. — Die kohlen im ofen.
477 1625 1655 1666 129. Ein korb voll knöchel, aber zwei sind [darin] zu viel.
371 1685 1161 1724 — Die sterne, der mond und die sonne.
478 1746 1660 1786 130. Das vorratshaus ist klein, sein schlüssel ist gross. —
375 1806 571 1838 Die krähe.
478 1865 1658 1905 131. Auf ein paar harken ein federsack, auf dem federsack
373 1925 1546 1966 ein grütztopf, auf dem grütztopf zwei perlen. — Das huhn.
478 1985 1659 2026 132. Ein langer, langer strick reicht um das feld, um das
373 2046 1377 2086 wasser; um den kopf reicht es nicht, — Das auge.
479 2105 1657 2147 133. Ein langer, langer mann, verneigt sich tag und nacht,
373 2166 779 2207 — Die kinderwiege.\1\
478 2226 1661 2268 134. Ein langer, langer knabe, die sonne sieht er aber nie-
375 2286 1658 2326 mals. — Der balken unter der wandbank [in der ecke zwischen
375 2347 697 2387 diele und wand].
478 2433 1659 2472 \1\ Die wiege wird am ende einer biegsamen stange befestigt, deren
377 2485 1230 2523 anderes ende schräg in der decke befestigt ist.
