1802 2952
906 264 1099 292 — 284 —
450 416 1574 456 Klage des mädchens beim tode der mutter.
892 512 1131 553 (Ust̕sysol̕sk.)
533 598 1082 638 {šondi-bane̮i̭, musa matuškae̮i̭,}
536 659 1332 700 {kodi ne̮ mene̮ kutas ke̮me̮dni̮ da paśte̮dni̮?}
531 719 1434 753 {kodi ne̮ kutas ment̕śi̮m kiźte̮m more̮se̮s kižavni̮?}
532 780 1353 819 {kodi ne̮ kutas meni̮m t̕śiste̮i̭ de̮re̮mse̮ vežni̮?}
484 841 1183 880 {5. da kodi kutas t̕śi̮ški̮ni̮s, mi̮śki̮ni̮s?}
533 901 967 942 {šondi-bane̮i̭, matuškae̮i̭!}
536 962 1174 1000 {asi̮v-vod̕źnas tai̭ t̕śuksavni̮s volan,}
532 1022 1055 1064 {da be̮r šebralan kos vi̮je̮ni̮s:}
535 1084 1072 1124 {»med, końe̮re̮i̭, ješše̮ uźi̮štas!»}
472 1143 1587 1184 {10. me̮di̮ś tai̭ volan, da jur vi̮vtii̮d šebralan da lapke̮di̮štan,}
533 1204 967 1243 {šondi-bane̮i̭, matuškae̮i̭!}
535 1265 1093 1306 {kol̕e̮ma tai̭ kol̕e̮ma sije̮ kadi̮s!}
535 1325 1050 1365 {t̕e̮tka vo₍d̕źas tai̭ mi kol̕am;}
535 1384 1142 1425 {e̮t̕t̕śi̮d tai̭ sije̮ volas da t̕śuke̮stas}
433 1531 1220 1569 Mein sönnchen, mein trautes mütterlein,
432 1592 1289 1625 wer zieht mir hinfort schuhe und kleid an?
433 1650 1656 1691 Wer versieht mir hinfort meine knopflose brust mit knöpfen?
433 1711 1279 1746 Wer wechselt mir hinfort ein reines hemd?
383 1771 1149 1810 5. Und wer kehrt hinfort, wer wäscht?
432 1830 1069 1870 Mein sönnchen, mein mütterlein!
432 1890 1466 1931 Am morgen kamst du wohl um [mich] aufzuwecken,
433 1949 1652 1991 aber [dennoch] decktest du mich wieder bis an die hüften zu
1193 2010 1456 2049 [und sagtest]:
432 2070 1264 2109 »Es schlafe, das arme, noch ein bisschen!»
370 2129 1654 2171 10. Abermals kamst du, aber du decktest [mir die decke] über den
1088 2188 1651 2229 kopf und tätscheltest [mich].
433 2250 1072 2288 Mein sönnchen, mein mütterlein!
434 2310 1227 2350 Gewiss, die zeit ist gewesen und dahin!
433 2368 1580 2410 Wir bleiben wohl [nun] unter der obhut einer stiefmutter;
435 2428 1537 2471 das erste mal kommt sie [um uns zu wecken] und ruft,
