1796 2960
688 281 880 310 — 113 —
141 373 1424 418 {pondis vid̕źni̮ me̮s. e̮t̕t̕śi̮d starik šue̮ merkurii̭li̮: »te mun aski}
144 434 1423 475 {voi̭ vi̮le̮». a merkurii̭ ve̮tlas me̮ste̮ lun vi̮le̮, gundi̮rl̕ijas e̮źim vi̮le̮.}
139 494 1425 539 {a₍t̕śi̮s pondis lai̭kjalni̮ je̮r-potš vi̮li̮n. kujim-jura gundi̮rl̕i loktis i}
142 556 1424 599 {šue̮: »te mijan e̮źim vi̮li̮n li̮śtan vid̕źni̮ me̮s!» naja pondisni̮ kośa̭śni̮:}
146 616 1425 658 {merkurii̭ vermis i jurjasse̮ orje̮dlis. — starik pete̮ma krit̕t̕śi vi̮le̮;}
144 676 1426 720 {zel jona ve̮li be̮rde̮: i̮llai̮s ve̮li pemde̮ ni̮n. merkurii̭ zel e̮dje̮ gore̮-}
142 736 1426 779 {das: »tuu₍t̕śe̮ mune̮!» starik mi̮je̮n ki̮lis, zel radui̭₍t̕śis. seśśa mer-}
142 796 1426 840 {kurii̭ pre̮śt̕it̕t̕śis starikke̮d i munis gorte̮. seśśa tsar-ni̮lke̮d veńt̕śa̭i̭t-}
144 857 725 896 {t̕śisni̮. e̮ni na ole̮ni̮ da vi̮le̮ni̮.}
760 988 812 1017 39.
634 1063 942 1096 {rut̕ś da ke̮t̕ś.}
248 1147 1429 1188 {e̮t̕t̕śid olisni̮ vi̮lisni̮ rut̕ś da ke̮t̕ś. rut̕śle̮n ve̮li ji-t̕śom, a ke̮t̕śle̮n}
143 1206 1426 1252 {pe̮l-t̕śom. tuli̮s vois. rut̕śle̮n ji-t̕śom si̮li. rut̕ś munis ke̮t̕ś orde̮ i šue̮:}
146 1336 1426 1378 sehr heftig. Bei dem alten begann Merkurius die kühe zu hüten.
149 1396 1430 1438 Einmal sagt der alte zu Merkurius: »Geh morgen [mit deiner
147 1456 1429 1499 herde] gen norden.» Aber Merkurius treibt die kühe gen süden
147 1516 1429 1557 auf die wintersaatfelder der gundi̮rl̕i [der söhne der joma]. Selbst
150 1576 1430 1619 fing er an zu schaukeln auf einer zaunstange. Ein dreiköpfiger
147 1636 1430 1679 {gundi̮rl̕i kam und sagt: »Du wagst es auf unserem wintersaatfeld
149 1696 1430 1737 kühe zu weiden!» Sie begannen sich zu schlagen: Merkurius
149 1756 1431 1800 siegte und brach [dem gundi̮rti] die köpfe ab. — Der alte war
153 1816 1431 1859 [mittlerweile] auf die vortreppe hinausgegangen; bitterlich weinte
150 1876 1429 1918 er [über seine kühe]: draussen war es [nämlich] bereits dunkel.
152 1936 1431 1976 Merkurius ruft [den kühen] sehr laut zu: »Hott, vorwärts!» So-
151 1996 1432 2038 bald der alte [dies] gehört, war er voller freuden. Dann sagte
151 2056 1431 2097 Merkurius dem alten lebewohl und ging heim. Dann liess er sich
151 2116 1263 2150 mit der zarentochter trauen. Und sie leben heute noch.
1094 2177 1330 2218 (Savenobor.)
766 2266 816 2295 39.
483 2341 1103 2374 Der fuchs und der hase.
257 2428 1434 2461 Es war einmal ein fuchs und ein hase. Der fuchs hatte eine
148 2488 1435 2528 eishütte, der hase aber eine bretterhütte. Es wurde frühling. Die
1315 2547 1330 2572 8
