1802 2942
918 262 1093 291 — 214 —
572 356 1370 396 {»mame̮i̭» pe̮ »mame̮i̭, med bur zborńiknad.»}
572 414 1221 456 {»ni̮le̮i̭» pe̮ »ni̮le̮i̭, si̮ don on sulav!»}
509 527 1113 568 {15. krug še̮ri̮n mi₍t̕śa ni̮v sulale̮,}
573 587 1145 628 {krug ge̮ge̮ri̮s l̕o̭k totara bergale̮.}
570 647 1061 688 {vi₍d̕źe̮dlas ke̮ i voki̮s lokte̮.}
572 708 1253 749 {»voke̮i̭» pe̮ »voke̮i̭, vešti̮ mene̮, vešti̮!»}
572 767 1305 810 {»t̕śoje̮i̭» pe̮ »t̕śoje̮i̭, mi̮je̮n ne̮ me vešta?»}
510 828 1288 871 {20. »voke̮i̭» pe̮ »voke̮i̭, med bur šapkanad.»}
571 888 1254 930 {»t̕śoje̮i̭» pe̮ »t̕śoje̮i̭, si̮ don on sulav!»}
572 1001 1110 1041 {krug še̮ri̮n mi₍t̕śa ni̮v sulale̮,}
573 1061 1148 1103 {krug ge̮ge̮ri̮s l̕o̭k totara bergale̮.}
573 1120 1072 1163 {vi₍d̕źe̮dlas ke̮ i t̕śoji̮s lokte̮.}
508 1181 1261 1223 {25. »t̕śoje̮i̭» pe̮ »t̕śoje̮i̭, vešti̮ mene̮, vešti̮!»}
569 1241 1309 1283 {»t̕śoji̭e̮» pe̮ »t̕śoje̮i̭, mi̮je̮n ne̮ me vešta?»}
417 1372 1641 1415 Mein mütterchen, mein mütterchen, mit deinem besten kopftuch.»
415 1433 1641 1473 »Meine tochter, meine tochter, den preis bist du nicht wert!»
355 1536 1392 1577 15. In eines kreises mitte steht ein schönes mägdlein,
419 1595 1284 1636 um den kreis ein widriger tatare sich dreht,
418 1655 1558 1696 Als [die maid] hinblickt, [sieht sie] ihren bruder kommen.
419 1715 1641 1754 »Mein brüderlein, mein brüderlein, kauf mich los, kauf mich!»
418 1775 1637 1817 »Mein schwesterlein, mein schwesterlein, womit soll ich [dich]
1171 1836 1387 1869 loskaufen?»
351 1890 1610 1935 20. »Mein brüderlein, mein brüderlein, mit deiner besten mütze.»
416 1955 1641 1996 »Mein schwesterlein, mein schwesterlein, den preis bist du nicht
1171 2017 1285 2048 wert!»
418 2110 1393 2151 In eines kreises mitte steht ein schönes mägdlein,
417 2170 1283 2211 um den kreis ein widriger tatare sich dreht.
417 2230 1594 2272 Als [die maid] hinblickt, [sieht sie] ihre schwester kommen.
351 2289 1641 2330 35. »Mein schwesterlein, mein schwesterlein, kauf mich los, kauf
1173 2350 1294 2382 mich!»
419 2409 1638 2450 »Mein schwesterlein, mein schwesterlein, womit soll ich [dich]
1172 2470 1387 2503 loskaufen?»
