1807 2946
732 276 924 305 — 203 —
664 369 994 411 {ke̮r-ku eški̮d pije̮,}
664 430 983 471 {ge̮n pe̮duška vi̮le̮.}
856 570 908 599 8.\1\
458 644 995 685 {kokas pe̮ tupel̕, t̕upel̕se̮ tal̕al,}
456 704 1088 744 {juras pḙ t̕śi̮šjan, t̕śi̮šjanse̮ voštale̮.}
459 763 1155 804 {»etja pe̮ t̕śi̮šjan t̕śi̮šjan men abu žal̕,}
460 823 1118 863 {men se̮mi̮n žal̕ aslam l̕ube̮ druge̮i̭.»}
409 883 974 924 {5. drugse̮ korśis, drugi̮s jugdi,}
456 943 988 984 {jugdi pe̮ veśke̮, ńe-di̮r kežle̮,}
457 1003 981 1044 {e̮t̕i lun kežle̮, e̮t̕i t̕śas kežle̮,}
460 1063 1048 1103 {nat̕ś e̮t̕i minut kežle! — — —}
457 1123 977 1164 {asja pe̮ ki̮a ki̮a vod̕ź lebale̮,}
396 1182 962 1223 {10. ri̮tja pe̮ ki̮a ki̮a śor lebale͔.}
456 1241 1029 1282 {vi̮vśa̭ń pi̮ža, pi̮žajas ki̮vtale̮ni̮,}
460 1301 892 1341 {si̮ni̮śjasi̮s tom zonjasi̮s,}
253 1431 997 1469 unter eine bettdecke aus renntierhaut,
253 1492 668 1524 auf ein daunenkissen.
804 1589 856 1619 8.\1\
255 1664 1407 1704 An ihren füssen sind pantoffeln, die pantoffeln zertritt sie,
254 1724 1249 1765 auf ihrem kopfe ist ein tuch, das tuch verliert sie.
254 1784 1289 1823 »Um dieses tuch, um dieses tuch ist mir's nicht leid,
254 1844 1278 1877 mir ist's nur leid um meinen trauten lieben schatz.»
204 1904 1275 1945 5. Ihren schatz suchte sie, der schatz wurde gefunden,
254 1964 1283 2005 er wurde wohl gefunden, [aber] für kurze zeit [nur],
254 2024 846 2065 für einen tag, für eine stunde,
254 2085 997 2126 nur für eine einzige minute! — — —
257 2145 1222 2186 Das morgenrot, das morgenrot fliegt früh umher,
193 2205 1156 2245 10. das abendrot, das abendrot fliegt spät umher.
253 2264 1473 2306 Von oben herab [auf dem flusse] ein boot, boote [eig.: eine
588 2324 1471 2364 bootladung, bootladungen] kommen herunter,
256 2384 888 2425 die ruderer sind junge burschen,
294 2480 1395 2518 \1\ Die lieder S13 werden auf abendgesellschaften gesungen.
