1824 2969
904 265 1098 293 — 264 —
625 359 1014 398 {en tai̭ te meni̮m kuž}
625 418 1116 460 {asli̮m śe̮le̮m śe̮rt̕i be̮rji̮ni̮s!}
623 479 1074 519 {jugi̮d šondie̮i̭, bat̕uškoe̮i̭,}
624 540 1254 580 {me tai̭ te dini̮n oli da krasui̭t̕t̕śi.}
561 600 1170 639 {15. šondike̮d tai̭ te tše̮tš t̕śḙt̕t̕śan,}
622 660 1088 702 {jen-kola ge̮ge̮rse̮ ge̮ge̮rtan,}
623 722 1238 761 {voan tai̭ te da mi vek na uźam;}
624 781 1292 823 {on tai̭ te ube̮l̕it mijane̮s sad̕me̮dni̮s,}
622 841 1059 883 {kok-t̕śuń ji̮lad te vetlan}
557 902 1133 942 {20. med veśke̮n mi oge̮ sad̕me̮i̭.}
620 963 1152 1004 {jugi̮d šondie̮i̭, bur bat̕uškoe̮i̭,}
620 1023 1351 1064 {t̕śe̮ski̮d-je̮la matuškae̮i̭ t̕śuke̮stas ke̮ tai̭,}
622 1083 1261 1124 {te tai̭ šuan: »mi̮ja t̕śuksalan?» —}
620 1144 1275 1185 {bośtan tai̭ te da jondži̮ka šebralan,}
556 1204 1075 1246 {25. jugi̮d šondie̮i̭, bat̕uškoe̮i̭,}
626 1266 1116 1305 {vune̮dte̮m bure̮i̭, bat̕uškoe̮i̭,}
621 1326 1294 1359 {munam tai̭ mi ve̮li teke̮d vid̕ź vi̮las}
414 1456 1174 1493 Aber verstanden hast du es nicht, mir
417 1514 1502 1556 [einen mann] nach meinem eignen herzen zu erwählen!
414 1575 1202 1614 Mein helles sönnchen, mein lieber vater,
413 1634 1132 1674 bei dir war ich ja und wurde schön.
351 1695 1258 1735 15. Du stehst [am morgen] mit der sonne auf,
413 1755 1092 1796 um die welt wanderst du ringsum,
412 1815 1551 1856 du kommst [nachhause] zurück, und wir [kinder] schlafen
1168 1876 1413 1915 immer noch;
412 1935 1345 1976 du gewinnst es nicht über dich uns zu wecken,
412 1995 1021 2036 auf den zehen gehst du einher,
346 2055 1006 2095 20. damit wir ja nicht aufwachen.
414 2114 1321 2155 Mein helles sönnchen, mein guter lieber vater,
409 2175 1569 2216 wenn meine süssmilchige mutter ruft [um uns zu wecken],
410 2235 1391 2274 dann sagst du: »Was hast du denn zu rufen?» —
410 2294 1298 2335 Du nimmst [uns] und deckst [uns] besser zu.
344 2354 1200 2394 25. Mein helles sönnchen, mein lieber vater,
409 2414 1336 2455 du mein unvergesslicher guter, mein väterchen,
408 2473 1179 2515 wenn wir mit dir auf die wiese gingen,
