1803 2943
920 237 1074 266 — 60 —
362 330 1650 371 {ve̮rźi̮ mestai̮ś! d̕a̭d̕e̮ šue̮: »mi̮i̭ ne̮ taje̮ loe̮ma menam e̮ški̮ske̮d!» kva-}
362 389 1651 431 {t̕it̕t̕śis-ke̮ — e̮ški̮s šoi̭! sije̮ be̮rdas da be̮rdas, da be̮rdig ti̮rji gortas}
362 450 1652 491 {i let̕t̕śas. naje̮ śorńite̮ni̮ as kosta·ni̮s: »vaje̮ že̮ pesse̮ d̕a̭d̕e̮li̮ as vi̮la-}
362 510 1648 552 {ni̮m let̕t̕śe̮dlam!» naje̮ e̮t̕ik voje d̕a̭d̕e̮li̮ pesse̮ vajalasni̮ zev una, e̮šiń-}
361 571 1651 613 {uv ti̮ri̮s. d̕a̭d̕e̮ asi̮vnas petas, d̕ive̮i̮s kutas: »ki̮ś ne̮», dumai̭te̮, »si̮-mi̮nda}
362 632 1651 672 {peski̮s!» set̕t̕śe̮ loktasni̮ rut̕ś, ke̮t̕ś, ke̮i̭in i oš. naje̮ šue̮ni̮: »kor-ke̮ tai̭}
361 691 1650 733 {zev be̮rdig ti̮rji let̕t̕śin, da mijanli̮ žal̕ loin! vot e̮ni teni̮d i vajalim}
360 752 1647 794 {mi!» d̕a̭d̕e̮ pesse̮ vuzalas, d̕ḙńga vi̮las ve̮v me̮s ńe̮bas da i e̮ni ole̮ vi̮le̮.}
980 915 1028 943 21.
927 999 1077 1032 {ńorim.}
466 1083 1650 1124 {važe̮n olis vi̮lis ńorim šonjane̮i̭. sije̮ zev di̮š ve̮li. si̮li̮ śoi̭ni̮}
360 1144 1648 1184 {se̮ ńa̭ńi̮s ez lo, a korni̮ ve̮li di̮š. sije̮ ńin-ke̮m ki̮i̭is i munis naže̮-}
360 1282 1646 1323 mit der peitsche, aber aus dem ochsen stümen nur die haare auf:
361 1343 1649 1384 er rührt sich nicht vom fleck! Der alte sagt: »Was ist denn da
360 1404 1625 1444 in meinen ochsen gefahren!» Nachdem er genauer zugeschaut —
360 1464 1647 1504 der ochse ist ja krepiert! Er weint und weint, und weinend geht
361 1524 1646 1564 er nachhause. Sie [die tiere] reden untereinander: »Lass uns dem
359 1584 1645 1627 alten sein brennholz [nachhause] tragen!» In einer nacht bringen
359 1645 1648 1683 sie dem alten sehr viel brennholz, den raum unter dem fenster
360 1705 1645 1745 voll. Am morgen geht der alte hinaus [und] gerät in erstaunen:
359 1765 1648 1805 »Woher denn», überlegt er, »so viel brennholz!» Herbei kommen der
357 1824 1648 1865 fuchs, der hase, der wolf und der bär. Sie sagen: »Als du so bit-
358 1884 1645 1924 terlich weinend heimzogst, tatst du uns leid! Schau, nun haben
358 1944 1644 1985 wir dir [brennholz] gebracht!» Der alte verkauft sein brennholz,
358 2004 1491 2045 kauft für das geld pferde und kühe und lebt heute noch.
1303 2065 1543 2106 (Ust̕sysol̕sk.)
977 2171 1026 2199 21.
871 2253 1136 2285 Der ńorim}
462 2338 1645 2378 Einst lebte der [jetzt schon] verstorbene ńorim. Er war sehr
355 2397 1645 2439 faul. Ihm wurde einmal kein brot übrig zu essen, aber zum bet-
356 2458 1644 2491 teln war er zu faul. Er strickte einen bastschuh und machte sich
