1796 2923
697 235 821 264 – 121
154 327 1438 371 {vi̮śtalis pili̮. pi bośtis t̕śuń-ki̮tš i totškis sije̮ pi̮zan berde̮, i petisni̮}
152 389 1347 431 {ki̮k molod̕e̮t̕ś. naja ve̮₍t̕śisni̮ dvože̮t̕ś aski keže̮. tsar ni̮le̮s śetis.}
255 448 1436 490 {e̮t̕t̕śi̮d babai̮s ivanli̮ś juale̮: »ki̮d̕ź taje̮ te ve̮₍t̕śin?» »a vot me}
153 509 1437 551 {taje̮ ki̮d̕ź ve̮₍t̕śi! me taje̮ t̕śuń-ki̮tšse̮ totški, i tati̮ś petisni̮ ki̮k molo-}
152 569 1437 612 {d̕ḙt̕ś, i naja ve̮₍t̕śisni̮.» ivan unmovśis, a babai̮s ole̮. babai̮s bośtis}
152 629 1437 672 {t̕śuń-ki̮tšse̮ i totškis. petisni̮ ki̮k molodl̕ḙt̕ś i jualisni̮: »mi̮i̭ kole̮?» »a}
153 690 1437 731 {vot med me tat̕t̕śe̮ unmovśa a t̕śḙt̕t̕śa se₍tše̮m di vi̮le̮.» aski muži̮k}
152 748 1438 790 {t̕śḙt̕t̕śis, a baba abu, ivan koris kańe̮s da ponje̮s i i̮stis t̕śuń-ki̮tš}
154 808 1434 852 {korśni̮. kań da pon vajisni̮. ivan bośtis t̕śuń-ki̮tš i totškis sije̮.}
152 869 1437 912 {petisni̮ ki̮k molod̕e̮t̕ś, šue̮ni̮: »mi̮i̭ kole̮?» »a vot, vaje̮ meni̮m babae̮s}
154 929 986 973 {be̮r!» naja vajisni̮, i gozja e̮pe̮t̕ olme̮d̕t̕śisni̮.}
153 1156 1436 1199 klopfte damit an den tischrand, und zwei stattliche burschen ka-
154 1215 1436 1260 men [aus dem ring] hervor. Sie bauten bis zum folgenden tag ein
154 1277 926 1317 schloss. Der zar gab seine tochter hin.
259 1335 1434 1377 Einmal fragt die frau lvan: »Wie hast du dieses [schloss]
156 1394 1438 1439 gemacht?» »Sieh, wie ich es gemacht habe! Ich klopfte mit die-
155 1456 1437 1499 sem ring, und daraus kamen zwei stattliche burschen hervor, und
155 1515 1439 1558 sie bauten [das schloss].» Ivan schlief ein, sein weib aber ist
155 1576 1437 1618 immer noch [wach]. Das weib nahm den ring und klopfte [damit].
155 1636 1440 1677 Zwei stattliche burschen kamen heraus und fragten : »Was ist von-
157 1696 1437 1736 nöten?» »Nun, schau, dass ich hier einschlafen und auf der und
156 1756 1440 1796 der insel aufwachen möchte.» Am nächsten morgen stand der
156 1814 1440 1856 mann auf, aber das weib ist nicht da. Ivan rief die katze und
157 1875 1438 1917 den hund herbei und schickte [sie] aus um den ring zu suchen.
158 1935 1439 1977 Die katze und der hund brachten [ihn] herbei. Ivan nahm den
156 1995 1439 2037 ring und klopfte damit. Zwei stattliche burschen kamen heraus,
157 2054 1437 2097 sie sagen: »Was ist vonnöten?» »Nun, schau, — bringt mir [mein]
157 2115 1440 2158 weib zurück!» Sie brachten [es] herbei, und die ehegatten began-
157 2177 833 2219 nen wieder [miteinander] zu leben.
955 2236 1339 2277 (Trojcko-Pečerskoe.)
