1827 2952
723 236 914 265 — 119 —
172 328 1460 372 {vežlalni̮ gute̮n me̮ske̮n. me» pe̮ »pondi let̕t̕śi̮ni̮ da i e̮šte̮» pe̮ »vešte̮-}
172 389 1460 433 {mae̮ś. seśśa» pe »me stav me̮ste̮ nat̕śki da śumi̮s ve̮₍t̕śi. śumi̮s kuźai̮d}
174 450 1460 493 {me let̕t̕śi i ńe-una» pe̮ »me mue̮₍d̕źi̮d eg vo, śumi̮si̮d» pe̮ »ori, a me»}
173 510 1461 555 {pe̮ »uśi ńur še̮re̮. set̕t̕śe̮» pḙ »me ve̮ji koske̮d̕ź. meam jur vi̮le̮» pe̮}
175 571 1460 615 {»pondis kol̕kjalni̮ utka, a kol̕kte̮» pe̮ »pondis śoi̭ni̮ śe̮d-be̮ž. me» pe̮}
176 630 1460 672 {»śe̮d-be̮ž be̮žad i kut̕t̕śi̮śi i śe̮d-be̮ži̮d» pe̮ »mene̮ d̕erńitis. me» pe̮ »i}
176 691 1461 733 {šedi a śe̮d-be̮ži̮d» pe̮ »ori. śe̮d-be̮ž pi̮tškas ve̮li jaššik, a jaššikad» pe̮}
177 750 1459 793 {»ve̮li zel una št̕śe̮tjas mijan bat̕le̮n. sete̮n» pe̮ »ve̮li giže̮ma i te vi̮li̮ś}
172 813 476 846 {ńol̕-śo t̕śe̮lke̮ve̮i̭.»}
278 870 1460 912 {starik šuis: »me vi̮li̮ś!» seśśa i̮₍dži̮d pi starike̮s girsńitis iznas}
173 930 1462 974 {da starik pe̮ri je₍dži̮d izje̮. seśśa vokjasse̮ lolźe̮dis da e̮ni na ole̮ni̮}
174 994 346 1034 {da vi̮le̮ni̮.}
175 1180 1460 1224 begann die fliegen gegen kühe auszutauschen. Ich wollte mich
176 1240 1462 1281 hinunterlassen, aber da hatten sie den ochsen [vom flecke] weg-
174 1300 1462 1344 gerückt. Da tötete ich alle kühe und verfertigte [aus ihren häu-
176 1360 1460 1401 ten] einen lederriemen. An dem riemen liess ich mich hinab und
175 1420 1461 1463 gelangte fast bis auf die erde — ein wenig nur fehlte. Der rie-
176 1480 1462 1521 men zerriss, und ich fiel mitten auf einen sumpf. Dahinein ver-
176 1539 1461 1580 sank ich bis an die lenden. Auf meinen kopf begann eine ente
178 1600 1461 1643 eier zu legen, ein hermelin aber begann die eier anzufressen. Ich
176 1660 1462 1703 ergriff aber das hermelin beim schwanze, und das hermelin zog
177 1720 1461 1762 mich in die höhe. Ich gelangte allerdings hinauf, aber das her-
179 1780 1460 1818 melin riss entzwei. In dem hermelin befand sich eine schachtel.
179 1841 1462 1881 in der schachtel aber lagen sehr viele rechnungen von unserem
177 1900 1461 1941 vater. Auf ihnen waren auch für deinen teil [d. h. als deine
176 1961 946 2002 schulden] vierhundert rubel aufnotiert.»
283 2020 1462 2062 Der alte sagte: »Für meinen teil!» Da rieb der älteste knabe
178 2080 1461 2123 den alten mit dem [weissen] steine, und der alte verwandelte sich
178 2141 1462 2175 in einen weissen stein. Dann rief er seine brüder ins leben zu-
176 2202 794 2240 rück, und sie leben heute noch.
1124 2261 1358 2301 (Savenobor.)
