1813 2961
912 267 1083 295 — S8 —
356 358 1642 400 {ańki̮tš ad̕d̕źisni̮ ge̮be̮t̕śśśi̮s. dži̮nje̮n jukśisni̮. voki̮sle̮n ańki̮tš-dži̮ni̮s}
354 418 1641 461 {uśe̮ma ge̮be̮₍t̕śas. askias pe̮te̮le̮ke̮₍d̕źi̮s i bi̮dme̮ma. t̕śoja voka vodasni̮.}
356 478 1643 520 {vok onmovśas, t̕śoi̭ t̕śḙt̕t̕śas da ańki̮tš-pos kuźta kajas. voas i₍t̕śe̮t̕ik}
355 540 1642 582 {kerka, kerkaas pi̮ras. d̕a̭d̕e̮ seni šobdi ìze̮. šobdi-tuśi̮s abu, iz-kii̮s}
355 600 1637 643 {a₍t̕śi̮s pi̮ź ve̮₍t̕śe̮. t̕śoi̭ šobdi-pi̮ź śojas da śojas, voki̮sli̮·tše̮tš let̕t̕śe̮das.}
354 662 1642 703 {voki̮s tše̮tš ve̮zji̮še̮ vi̮le̮ kai̭ni̮. t̕śoi̭ šue̮: »te śere̮ktan da og li̮śt tene̮}
355 721 1640 764 {bośtni̮». »t̕śoje̮i̭, og śere̮kti̮!» vok-ke̮d kajasni̮, šobdi-pi̮ź śoi̭ni̮ pondasni̮.}
354 782 1640 824 {vok śere̮ktas. d̕a̭d̕e̮ ki̮las da naje̮s kutas ve̮tle̮dli̮ni̮. vok e̮šińe̮di̮s iz-}
355 843 1643 885 {kise̮ ši̮bi̮tas i a₍t̕śi̮s t̕śḙt̕t̕śi̮štas set že̮ t̕śoji̮s-ke̮d. gortas iz-kise̮ naje̮}
354 910 488 940 {nuasni̮.}
456 964 1640 1006 {sar ki̮vlas da iz-kise̮ kutas korni̮ nali̮ś. naje̮ oz śetni̮. sar tše̮k-}
355 1025 1639 1068 {tas nali̮ś pi̮šje̮dni̮. je̮z pi̮šje̮dasni̮. t̕śoja voka ve̮t̕t̕śasni̮. petuk pani̮d}
354 1160 1642 1201 knabe und das mädchen begruben sie im keller [unter dem fuss-
353 1220 1642 1261 boden]. Es ging ihnen das essen zu ende. Eine erbse fanden sie
352 1279 1641 1321 im keller. Sie teilten [dieselbe unter sich] in zwei teile. Die
354 1339 1641 1382 erbsenhälfte des bruders fiel in den keller. Am folgenden tage
352 1400 1640 1443 wuchs sie da bis ins dach. Die schwester und der bruder legen
352 1460 1639 1497 sich nieder. Der bruder schläft ein, die schwester steht auf und
353 1520 1639 1562 klettert an der erbsenleiter [d. h. dem erbsenstengel] in die höhe. Sie
352 1580 1641 1620 gelangt zu einer kleinen hütte, sie tritt in die hütte. Dort mahlt
353 1638 1639 1680 ein alter mann weizen. Weizenkorn war nicht da, der mühlstein
351 1698 1636 1734 bereitet das mehl von selbst. Die schwester isst von dem weizen-
350 1759 1634 1803 mehl, isst und bringt zugleich [auch] ihrem bruder mit sich [davon]
350 1820 1634 1862 hinab. Der bruder bittet, er möchte zusammen [mit der schwester]
350 1880 1636 1921 hinaufklettern. Die schwester sagt: »Du lachst, ich wage dich
350 1939 1638 1979 aber nicht mit mir zu nehmen!» »Mein schwesterlein, ich lache
351 1999 1637 2041 nicht!» Mit dem bruder klettert sie hin, [und] sie beginnen von
351 2059 1637 2093 dem weizenmehl zu essen. Der bruder lacht auf. Der alte mann
349 2119 1636 2160 hört [es] und beginnt hinter ihnen herzusetzen. Der bruder wirft
351 2180 1638 2221 den mühlstein zum fenster hinaus und hüpft selbst mit seiner
349 2240 1600 2281 schwester denselben weg. Den mühlstein tragen sie nachhause.
454 2300 1635 2340 Der zar erfährt [von ihrem stein] und beginnt sie um den mühl-
348 2359 1635 2400 stein zu bitten. Sie geben [ihn] nicht. Der zar befiehlt, ihnen [den
348 2418 1635 2460 stein] wegzunehmen. Die leute entführen [ihn ihnen auch]. Die
348 2478 1634 2520 schwester und der bruder setzen [den räubern] nach. Ein hahn
