1803 2942
913 239 1106 267 — 122 —
984 370 1039 398 44.
901 452 1119 485 {kat̕erina}
467 538 1650 579 {važe̮n olis vi̮lis krest̕a̭ńin, si̮le̮n ve̮li ńim ivan, a babai̮sle̮n}
363 598 1649 640 {kat̕erina. e̮t̕t̕śi̮d ve̮li kat̕erinale̮n ńim-lun. sija kajis vit̕śkoe̮.}
365 660 1652 703 {pop ad̕d̕źis sije̮ i si̮le̮n veži̮s pete̮, d̕ake̮n ad̕d̕źis: si̮le̮n ne̮ i veži̮s}
364 721 1652 764 {pete̮, psalomšik ad̕d̕źis: i si̮le̮n veži̮s pete̮. kor-ke̮ śi̮lśis pop kote̮rtis}
362 782 1652 824 {št̕apate̮gi̮s i šue̮ kat̕erinali̮: »vai̭ meke̮d ta voi̭ uźam! me teni̮d}
367 842 1648 884 {veti̮·mi̮n t̕śe̮lke̮ve̮i̭ śeta». — d̕ake̮n sid̕ź že̮ kuź jur-śinas kote̮rte̮ i šue̮:}
362 903 1652 944 {»meke̮d ta voi̭ uźam! me teni̮d ki̮ź-vit t̕śe̮lke̮ve̮i̭ śeta». — psalomšik}
363 964 1650 1006 {kote̮rte̮ šl̕apate̮gi̮s, mune̮ kat̕erina dine̮ i šue̮: »vai̭ meke̮d uźam!}
361 1025 1516 1066 {me das-vit t̕śe̮lke̮ve̮i̭ śeta». — kat̕erina sid̕ź že̮ ke̮sjis uźni̮.}
465 1086 1651 1128 {kor-ke̮ loi voi̭-še̮r kad, ivan muni mel̕ńi₍t̕śae̮. pervoi̭ t̕śasi̮n}
362 1146 1650 1188 {loktis pop. sija e̮dje̮ži̮k śetis veti̮·mi̮n t̕śe̮lke̮ve̮i̭ i šue̮: »vai̭ e̮dje̮ži̮k}
979 1306 1029 1335 44.
902 1392 1117 1424 Kätchen.
465 1477 1651 1516 Es war einmal ein bauer, der hiess lvan, seine frau aber
364 1536 1650 1578 Kätchen. Einmal war Kätchens namenstag. Sie ging in die
361 1597 1649 1638 kirche. Der pfarrer erblickte sie, und die begierde wird in ihm
361 1657 1650 1698 wach, der diakon erblickte sie: und auch in ihm wird die begierde
361 1717 1650 1759 wach, der psalmensänger erblickte sie: auch in ihm wird die be-
358 1778 1652 1820 gierde wach. Als der gottesdienst zu ende war, lief der pfarrer
362 1839 1650 1881 ohne mütze [hinter ihr her] und sagt zu Kätchen: »Komm, lass
361 1898 1649 1939 uns heute nacht bei einander schlafen! Ich gebe dir fünfzig ru-
359 1959 1648 2000 bel.» — Der diakon mit seinen langen haaren läuft ebenso und
360 2019 1649 2060 sagt: »Lass uns heute nacht bei einander schlafen! Ich gebe dir
361 2080 1648 2120 fünfundzwanzig rubel.» — Der psalmensänger läuft ohne mütze,
362 2139 1648 2180 geht zu Kätchen und sagt: »Lass uns bei einander schlafen! Ich
360 2199 1649 2240 gebe fünfzehn rubel.» — Und da versprach [ihnen] Kätchen [bei
356 2260 859 2300 ihnen] schlafen zu wollen.
462 2321 1647 2361 Als die mitternachtsstunde kam, ging lvan in die mühle.
357 2381 1648 2422 Um ein uhr kam der pfarrer. Er gab eiligst fünfzig rubel und
358 2441 1648 2482 sagt: »Lass uns sofort schlafen!» Kätchen sagt: »Gleich stellen
