1817 2958
791 245 897 274 105 —
176 336 1463 378 {voe̮ i kutis juvavni̮ i̮₍dži̮d ni̮vli̮ś: »ku₍tše̮m teni̮d kole̮ koźin ńe̮bni̮?»}
176 397 1458 436 {ni̮v šuvas: »meni̮m kole̮ zev mi₍t̕śa ke̮m-kot.» seśśa koris me̮d ni̮le̮s:}
177 456 1460 498 {»teni̮d mi̮i̭ kole̮?» »meni̮m kole ge̮rd-poma tugja t̕śi̮šjan.» koi̭me̮dli̮ś}
176 517 1461 559 {juvalis: »teni̮d mi̮i̭ kole̮?» »mem kole̮ pipili̮sti̮ se̮ke̮l.» »šań}
177 577 736 619 {musa ni̮vjas, vaja me tianli̮!»}
277 637 1459 679 {me̮de̮d̕t̕śis ozi̮r mort me̮d mu saje̮, di̮r munis da regi̮d vois.}
176 698 1461 738 {vois e̮t̕ik sarstvoe̮, kutis vuzavni̮ done̮n, a bośtni̮ donte̮g. ńe̮bis ni̮v-}
174 757 1461 799 {jasli̮ koźin: i̮₍dži̮d ni̮vli̮ dona ke̮m-kot, me̮dli̮ ge̮rd-poma tugja t̕śi̮šjan,}
175 817 1461 859 {a koi̭me̮dli̮ ez śur. kor-ke̮ me̮de̮d̕t̕śis, be̮r gorte̮ vois. ni̮vjas uśke̮d̕t̕śisni̮}
175 877 1460 919 {pani̮d. bat̕ śetis i̮₍dži̮d ni̮vli̮ dona ke̮m-kot, me̮dli̮ t̕śi̮šjan, a koi̭me̮dli̮}
174 937 1353 979 {ez lo. ki̮k t̕śoi̭ zev jona radui̭t̕t̕śe̮ni̮, a koi̭me̮d zev jona be̮rdis.}
277 998 1458 1039 {olisni̮ vi̮lisni̮, me̮di̮ś kutis bat̕ me̮de̮d̕t̕śi̮ni̮ me̮d mue̮, me̮d vae̮.}
173 1057 1456 1100 {ni̮vjasli̮ś kutis juvavni̮, ku₍tše̮m kole̮ koźin, i̮₍dži̮d ni̮vli̮ś juvalis:}
173 1188 1459 1228 mann sich fertig um nach einem anderen lande zu reisen und
174 1248 1456 1289 fing an seine älteste tochter zu fragen: »Welcherlei geschenk soll
174 1308 1460 1349 dir gekauft werden?» Das mädchen sagt: »lch wünsche sehr
174 1368 1458 1409 schöne schuhe.» Dann fragte er die zweite tochter: »Was magst
174 1427 1460 1469 du?» »lch wünsche ein kopftuch mit rotspitzigen troddeln.» Er
172 1488 1458 1530 fragte die dritte: »Was magst du?» »lch mag den falken Pipi-
172 1548 1313 1591 lysty.» »Gute liebe mädchen, ich bringe es [schon] euch!»
276 1608 1460 1649 Der reiche mann begab sich über ein anderes land hin, er
172 1667 1456 1709 reiste lange und gelangte schnell [ans ziel]. Er gelangte in ein
172 1728 1458 1770 land, fing an teuer zu verkaufen, aber billig zu erhandeln. Er
173 1787 1457 1829 kaufte den töchtern geschenke: der ältesten tochter teure schuhe,
172 1848 1459 1889 der zweiten tochter ein kopftuch mit rotspitzigen troddeln, aber der
173 1907 1456 1941 dritten tochter wurde nichts zu teil. Schliesslich machte er sich
172 1968 1456 2011 auf den weg [und] gelangte nachhause zurück. Die mädchen eilten
175 2028 1457 2070 [ihm] entgegen. Der vater gab der ältesten tochter teure schuhe,
172 2088 1456 2129 der zweiten ein kopftuch, die dritte aber bekam nichts. Die zwei
174 2148 1455 2190 [älteren] schwestern freuen sich sehr, aber die dritte weinte bit-
171 2209 300 2241 terlich.
272 2268 1458 2310 Sie lebten [eine zeit lang, und] der vater machte sich zum
171 2327 1455 2368 zweitenmal fertig um in die fremde [eig.: nach anderem lande,
169 2386 1456 2427 nach anderem wasser] zu gehen. Er fing an die töchter zu fra-
169 2447 1456 2489 gen, welcherlei geschenke sie wünschten. Die älteste tochter fragte
