1782 2942
705 288 898 317 — 161 —
264 378 1220 421 152. mune̮ i vetle̮dle̮, id-ńa̭ńe̮n ši̮blale̮. — kok-tui̭,}
263 438 1382 483 {153. mune̮ i vetle̮, vek de̮ra vol̕sale̮. — l̕ampae̮n vetle̮dle̮m.}
264 499 1099 539 {154. ńe-ki̮t oz viś, a ve̮sńale̮. — li̮m si̮le̮m.}
264 558 1300 603 {155. ńin pos uli̮n bai̭de̮g purti̮kaše̮. — pi̮ź požnale̮m.}
263 620 1381 661 {156. ńo̭l̕-koka pi̮šje̮, ke̮kja·mi̮s-koka ve̮t̕t̕śe̮. — ve̮v da dod̕,}
262 681 1337 724 {157. ńo̭l̕-koka pi̮šje̮, ki̮ź-vit-koka ve̮t̕t̕śe̮. — ve̮v da pińa.}
264 740 1213 782 {158. ńo̭l̕-koka pi̮šje̮, kujim-koka ve̮t̕t̕śe̮. — ge̮re̮m.}
263 800 1438 841 {159. ńo̭l̕ koke̮n sulale̮, ki̮k śiś lomti̮śe̮, ki̮k akań vorse̮. — ve̮v.}
262 860 1125 902 {160. ńo̭l̕-pel̕esa d̕ive̮, e̮t̕i-lada t̕śude̮. — ńiga.}
263 920 1218 963 {161. ńo̭l̕ t̕śo̭i̭ e̮t̕i̮k t̕śi̮šjan uli̮n be̮rde̮ni̮. — pi̮zan,}
263 981 1439 1023 {162. onlań jure̮n (od: uvlań jure̮n) koz bi̮dme̮. — me̮s-be̮ž.}
264 1041 1037 1082 {163. pi-pu ji̮li̮n žemt̕śug mol̕. — šobdi̮.}
262 1181 1441 1222 152. Es geht und streift umher, gerstenbrote wirft es. —
159 1240 827 1281 Die spuren des fusses [im schnee].
263 1301 1440 1342 153. Es geht und wandert, sein lebelang breitet es leinwand
157 1361 762 1393 aus. — Das schneeschuhlaufen.
262 1420 1440 1461 154. An nichts ist es krank, dennoch magert es ab. — Das
157 1481 596 1514 schmelzen des schnees.
262 1540 1440 1582 155. Unter der basttreppe wälzt sich flatternd ein schnee-
157 1602 654 1634 huhn. — Das mehlsieben.
262 1661 1441 1701 156. Ein vierbein läuft, ein achtbein setzt [ihm] nach. —
159 1722 712 1762 Das pferd und der schlitten.
262 1780 1437 1821 157. Ein vierbein läuft, ein fünfundzwanzigbein setzt [ihm]
158 1842 814 1882 nach. — Das pferd und die egge.
262 1900 1440 1940 158. Ein vierbein läuft, ein dreibein setzt [ihm] nach. —
159 1963 395 2003 Das pflügen.
262 2019 1440 2060 159. Auf vier füssen steht es, zwei lichter brennen, zwei
158 2082 740 2123 puppen spielen. — Das pferd.
263 2139 1440 2182 160. Ein viereckiges wunder, ein wunderding, in dem alles
157 2203 744 2243 gleichförmig ist. — Das buch.
263 2258 1438 2295 161. Vier schwestern weinen unter einem tuche, — Der tisch.
261 2318 1442 2359 162. Eine fichte wächst mit dem wipfel nach unten. — Der
157 2382 391 2415 kuhschwanz.
261 2437 1440 2482 163. Im wipfel einer espe eine kostbare perle. — Wei-
157 2502 338 2541 zen[ähre].
1309 2545 1336 2571 11
