1817 2961
895 272 1088 302 — 2o8 —
568 367 1275 408 {»kurva, bl̕a̭d̕t̕śońka, mi̮i̭ taje̮ karin?!»}
569 427 1257 467 {»matuška, matuška, as vi̮lad viśtav!»}
569 487 1214 530 {»kurva pḙ kurva, mi̮i̭ taje̮ karin?»}
569 548 1297 588 {»matuška. matuška, moń vi̮lad viśtav!»}
508 609 1269 650 {10. »kurva pḙ kurva, mońi̮d ve̮d i de̮va!»}
570 670 1286 709 {»matuška, matuška, t̕śoi̭ vi̮lad viśtav!»}
569 730 1241 771 {»kurva pḙ kurva, t̕śoji̮d ve̮d i tom!»}
570 790 1288 832 {»matuška, matuška, pope̮s pe̮ vaje̮dli̮!»}
571 850 1233 892 {»kurva pe̮ kurva, popi̮s abu gorti̮n.}
509 911 1214 952 {15. kurva pḙ kurva, ki̮ti̮ś taja teni̮d?»}
571 971 1377 1010 {»mameńka, mameńka, śiźi̮mdas-śiźi̮m ve̮d!»}
973 1087 1046 1116 14.\1\
725 1152 1050 1193 {śilame̮ pe̮ śilame̮,}
723 1212 1097 1253 {je̮ktame̮ pe̮ je̮ktame̮!}
418 1343 1165 1385 »Schlunze, hure, was hast du getan?!»
418 1404 1576 1446 »Meine mutter, meine mutter, nenne es deine eigne geburt
1180 1464 1586 1505 [eig.: sag es dir zu]!»
419 1524 1234 1563 »Schlunze, schlunze, was hast du getan?!»
420 1584 1643 1625 »Meine mutter, meine mutter,nennes derschwiegertochtergeburt!»
358 1644 1600 1685 10. »Schlunze, schlunze, die schwiegertochter ist ja eine witwe!»
419 1704 1643 1745 »Meine mutter, meine mutter, nenne es der schwester geburt!»
420 1764 1478 1807 »Schlunze, schlunze, deine schwester ist ja [zu] jung!»
420 1825 1644 1867 »Meine mutter, meine mutter, lass den pfarrer holen [um es
1128 1886 1356 1924 zu taufen]!»
421 1946 1379 1984 »Schlunze, schlunze, der pfarrer ist nicht zuhaus.
360 2004 1644 2045 15. Schlunze, schlunze, woher ist dir dies gekommen [d. h. mit
1128 2065 1645 2105 wem hast du geschlafen]?»
422 2124 1646 2164 »Mein mütterchen, mein mütterchen, ihrer gibt's ja sieben-
1131 2184 1358 2224 undsiebzig!»
969 2274 1040 2303 14.\1\
423 2340 1098 2381 Lasst uns singen, lasst uns singen,
422 2400 1102 2438 lasst uns tanzen, lasst uns tanzen!
464 2488 942 2526 \1\ Reigenlied der mädchen.
