1803 2962
916 274 1042 303 – 234
967 398 1040 427 26.\1\
792 481 1156 523 {me ke̮ peti gul̕a̭i̭tni̮}
793 541 1168 583 {mi₍t̕śa ni̮le̮s ad̕d̕źi̮li,}
792 602 1130 644 {e̮ši̮ń doras pukale̮,}
792 663 1205 705 {je₍dži̮d kude̮l̕se̮ pet̕śke̮.}
743 724 1216 765 5. me dumai̭t̕t̕śi ge̮traśni̮:}
794 785 1123 826 {bat̕e̮ veśke̮ ge̮trale̮,}
792 846 1219 885 {mame̮ oz mun koraśni̮,}
792 906 1190 944 {vek saldat vi̮le̮ vi₍d̕źe̮.}
794 966 1189 1000 {bat̕e̮ šue̮: »oz bośtni̮!»}
728 1028 1266 1067 {10. mame̮ šue̮: »bośtasni̮!» —}
790 1088 1218 1128 {viźinas ke̮ me let̕t̕śi,}
791 1148 1159 1191 {prie̮m vi̮las ke̮ pi̮ri,}
790 1209 1120 1250 {zev tai̭ una je̮zi̮s!}
791 1270 1192 1311 {e̮taras ke̮ vi₍d̕źe̮dli —}
729 1329 1160 1369 15. me kod̕ i₍t̕śe̮ti̮s abu,}
976 1472 1049 1502 26.\1\
434 1547 960 1588 Als ich mal spazieren ging,
432 1608 1028 1649 sah ich ein schönes mägdelein,
432 1668 932 1708 am fenster sitzt sie [dort]
436 1729 941 1769 [und] spinnet weisse hede.
382 1789 890 1827 5. Ich wollte sie heiraten;
432 1848 1240 1888 mein vater würde mich wohl verheiraten,
432 1909 1539 1949 meine mutter aber geht nicht [um für mich] zu werben,
434 1968 1495 2009 immer nur sieht sie in mir einen [künftigen] soldaten.
433 2027 1509 2070 Mein vater sagt: »Sie nehmen [ihn] nicht [als soldat]!»
369 2088 1381 2129 10. Meine mutter sagt: »Sie nehmen [ihn doch]!» —
433 2147 1030 2187 Als ich in das dorf vižin kam,
432 2208 963 2248 zum anwerbeplatz gelangte,
432 2268 938 2308 da war [dort] vieles volk!
431 2327 1104 2360 Als nach einer seite ich blickte —
368 2387 1115 2426 15. da war da keiner so klein wie ich,
469 2483 734 2513 \1\ Rokrutenlied.
