1812 2957
726 254 877 282 — 15 —
169 346 1451 389 {das-ki̮k e̮₍d̕źe̮s pi̮r munas. voas pu, pu ulas vasa. vasa šue̮: »loktin!}
169 407 1451 449 {tene̮ kor-ke̮ bat̕i̮d ke̮sji̮ślis meni̮m. lok, munam!» vasa pie̮s bośtas i}
168 468 1453 510 {munas. gortas pili̮ vasa šue̮: »bura ov, me ted gesńḙt̕ś śeta.» kor-ke̮}
168 528 1452 570 {di̮r-mi̮śti vasa vajas sar-pili̮ kujim gul̕u: »bośt» šue̮, »kodi asli̮d kole!»}
168 588 1451 632 {sar-pi be̮rjas e̮t̕ike̮s da i śuḙ: »etije̮ mem kole̮». a vasa šue̮: »taje̮e̮s}
168 649 1450 691 {og śet! taje mem asli̮m kole̮.» me̮d lun vasa vajas kujim kol̕k.}
167 710 1450 752 {sar-pi med mi₍t̕śase̮ bośtas, a vasa šue̮: »taje̮e̮s me og śet, taje̮ asli̮m}
168 769 1451 810 {kole̮.» askinas vasa vajas kujim t̕śvet. sar-pi med mi₍t̕śa t̕śvetse̮}
168 829 1449 871 {bośtas. vasa śue̮: »taje̮ eśke̮ asli̮m na ve̮li kole̮. bośt ńin!» sar-pi}
167 890 1452 931 {t̕śvet bośtas da e̮šiń vi̮las puktas. e̮t̕t̕śi̮d zev šondia lune̮ sar-pi t̕śvetse̮}
167 949 1451 992 {t̕śi̮šjane̮n vevtjas, med pe̮ oz kośmi̮. t̕śveti̮s zev mi₍t̕śa ni̮le̮ pe̮re̮. ni̮li̮s}
166 1009 1450 1044 {šue̮: »ok ok o! ki̮ś-ke̮ tai̭ i te tat̕t̕śe̮ voe̮mi̮dź! zev ve̮d tani d̕ele̮}
167 1069 1450 1111 {ovni̮s! lok, ki̮t̕t̕śe̮-ke̮ pi̮šjam!» naje e̮t̕t̕śi̮d vasai̮s uźig kostii̮s jigna-}
168 1200 1447 1234 eine tür. So wandert er durch zwölf türen. Er kommt an
168 1261 1447 1301 einen baum, unter dem baum [ist] der wassergeist. Der wasser-
167 1320 1447 1362 geist sagt: »Du bist gekommen! Dich hat mir dein vater einmal
168 1382 1448 1422 versprochen. Komm, lass uns gehen!» Der wassergeist nimmt
168 1442 1446 1482 den knaben und geht fort. Zuhause sagt der wassergeist zu dem
166 1502 1447 1543 knaben: »Lebe gut, ich gebe dir ein ankunftsgeschenk.» Einmal.
166 1562 1448 1602 nach einer langen zeit, bringt der wassergeist dem zarensohne
167 1622 1448 1664 drei tauben. »Nimm [von ihnen die]», sagt er, »die du magst!»
168 1682 1449 1724 Der zarensohn wählt eine und sagt: »Schau, diese hier mag ich.»
168 1741 1449 1782 Der wassergeist aber sagt: »Diese gebe ich nicht fort! Diese
166 1802 1446 1842 brauche ich selber.» Am anderen tag bringt der wassergeist drei
167 1862 1448 1903 eier. Der zarensohn nimmt das schönste, der wassergeist aber
166 1922 1447 1963 sagt: »Dieses gebe ich nicht fort, dies brauche ich selber!» Am
165 1982 1445 2023 folgenden tag bringt der wassergeist drei blumen. Der zarensohn
166 2043 1448 2083 nimmt die schönste blume. Der wassergeist sagt: »Diese hätte
165 2103 1448 2143 ich selber schon nötig gehabt. Nun, nimm [sie trotzdem]!» Der
165 2163 1446 2196 zarensohn nimmt die blume und stellt sie aufs fenster. Einmal
166 2223 1447 2264 an einem sehr sonnigen tage bedeckt der zarensohn seine blume
165 2283 1445 2320 mit einem tuche, damit sie nicht vertrockne. Die blume verwan-
165 2343 1445 2383 delt sich in eine sehr schöne jungfrau. Das mädchen sagt: »Ohoh!
165 2402 1446 2443 Wie bist denn auch du hierhergekommen?! Gar schwer ist es ja
163 2462 1445 2504 hier sein! Mach dich auf, lass uns irgendwohin entfliehen!» Ein-
