1808 2947
713 251 907 280 — 107 —
166 342 1454 384 {pi̮r bośtis pipili̮sti̮ se̮ke̮le̮s i kutis vorsni̮ si̮ke̮d. drug lovi se̮-}
167 402 1453 445 {ke̮li̮ś zev mi₍t̕śa zon. ni̮v povźis. »en pov, me i em taja kais!» seśśa}
166 462 1453 504 {ni̮le̮s zon ke̮me̮dis, paśte̮dis i me̮de̮dis vit̕śkoe̮. vit̕śkoi̮n me̮d se₍tše̮m}
168 523 1453 566 {mi₍t̕śa ni̮v ez ve̮v. t̕śoi̭jas vit̕śkoi̮ś loktisni̮ i šuve̮ni̮: »zev mi₍t̕śa ni̮le̮s}
167 584 1452 626 {ne̮ ad̕d̕źi̮lim da oge̮i̭ te̮de̮, kodi.» seśśa si̮ be̮rt̕i kor love̮ šog i₍t̕śe̮t}
166 644 1077 687 {ni̮vli̮, sija vorsni̮ kutas pipili̮sti̮ se̮ke̮lke̮d.}
270 705 1451 746 {e̮t̕i lune̮ ni̮v bośtas ku₍t̕śikse̮ pipili̮sti̮li̮ś i pa₍t̕śe̮ ši̮bi̮tas.}
167 763 1451 805 {pipili̮sti̮ le̮gaśas i pi̮šjas; šuvas: »mene̮» pe̮ »korś e̮kmi̮s mu saiś,}
167 823 1453 865 {e̮kmi̮s va saiś!» ni̮v kutis zev jona šogśi̮ni̮ da be̮rdni̮. seśśa sije̮ ku-}
168 883 1452 926 {tis me̮de̮d̕t̕śi̮ni̮ korśni̮ pipili̮sti̮ se̮ke̮le̮s. bośtis śe̮ri̮ś zarńi rek-}
168 943 1453 985 {tan, kuim še̮vk-tupi̮l̕ da zarńi vurśan-pal̕i₍t̕śa. petis tuje̮ ki̮t̕t̕śe̮ śin}
166 1004 1453 1046 {vi₍d̕źe̮de̮. mune̮ lun, mune̮ me̮d, mune̮ koi̭me̮d, i joma lug vu₍džis}
167 1064 1449 1105 {i e̮gi̮ra lug vu₍džis, vois mi₍t̕śa lug. mi₍t̕śa lug sain sulale̮ kerka.}
168 1194 1452 1235 hause. Kaum waren die schwestern zur kirche gegangen, als sie
167 1254 1451 1295 gleich den falken Pipilvsty zu sich nahm und anfing mit ihm
168 1314 1452 1354 zu spielen. Plötzlich wurde aus dem falken ein sehr schöner
168 1373 1453 1413 knabe. Das mädchen erschrak. »Fürchte dich nicht, ich bin ja
168 1434 1453 1475 eben der vogel!» Darauf versorgte der knabe das mädchen mit fuss-
168 1494 1452 1535 zeug, bekleidete sie und schickte sie in die kirche. In der kirche
169 1554 1452 1594 war kein so schönes mädchen da wie sie. Die [älteren] schwe-
167 1614 1453 1656 stern gelangten [nachhause] aus der kirche und sagen: »Ein sehr
166 1674 1453 1714 schönes mädchen haben wir gesehen, und wir wissen nicht, wer
171 1734 1451 1776 [sie ist].» Und wenn das jüngste mädchen hernach sich langweilt,
168 1794 1304 1835 fängt sie [immer] an mit dem falken Pipilysty zu spielen.
273 1854 1452 1895 Eines tages nimmt das mädchen dem Pipilysty die haut
172 1913 1453 1955 [d. h. die verkleidung] ab und wirft [sie] in den ofen. Der Pipi-
168 1974 1453 2016 lysty nimmt es übel und entflieht; er sagt: »Suche mich hinter
172 2034 1451 2074 neun läandern, hinter neun wassern!» Das mädchen fing an sich
167 2093 1453 2136 sehr zu grämen und zu weinen. Darauf machte sie sich fertig zur
170 2154 1452 2196 reise um den falken Pipilvsty zu suchen. Sie nahm eine goldene
167 2212 1452 2256 garnwinde, drei seidenknäuel und einen goldenen nährahmen mit
167 2274 1449 2317 sich. Sie begab sich auf den weg wohin [ihre] augen blicken.
168 2334 1452 2376 Sie wandert einen tag, sie wandert den zweiten, sie wandert den
169 2393 1453 2435 dritten, sie schritt sowohl über die wiese der joma als über die
166 2453 1453 2495 wiese, die voll brennender kohlen war, sie gelangte an eine schöne
