1802 2943
924 244 1097 272 — 64 —
367 336 1656 380 {i̮stas ke̮jine̮s. ke̮jin vajas tojin-ki̮zta. ńorim vidas ke̮jine̮s i i̮stas}
365 398 1653 440 {ru₍t̕śe̮s. rut̕ś vajas jurśi-ki̮zta. ńorimli̮ asli̮s loe̮ munni̮ gezla.}
367 458 1659 501 {vetlig kostas oš, ke̮jin da rut̕ś e̮šse̮ śojasni̮. ku₍t̕śi̮k pi̮tškas śujasni̮}
368 519 1656 562 {li̮s, aśni̮s pi̮šjasni̮. ńorim loktas, e̮ške̮s bara dod̕jalas, pukśas da}
365 580 1656 622 {śi̮vni̮ kutas. e̮š oz ve̮rźe̮d̕t̕śi̮. ńorim kut̕śkas e̮ške̮s. e̮š pe̮re̮. ńorim}
365 641 1656 683 {e̮ške̮s vi₍d̕źe̮dlas i kaźalas e̮š pi̮tške̮ śujale̮mae̮ś li̮s. ńorim ku₍t̕śi̮k}
366 702 1590 744 {piśi̮s li̮sse̮ kiśtas, ku₍t̕śi̮kse̮ nopjalas da gortas munas. i e̮ni ole̮.}
984 857 1032 885 22.
774 939 1241 980 {ke̮in da kujim ni̮v.}
469 1027 1655 1069 {olisni̮ vi̮lisni̮ starik gozja. nale̮n ve̮li kujim ni̮v. staruka pon-}
365 1088 1656 1130 {das pe̮žaśni̮. sije̮ med i₍t̕śe̮t ni̮vse̮ i̮stas kapusta-korla. ni̮v petas da}
365 1148 1654 1192 {še̮vk-tupi̮l̕ tui̭ vi̮lti se̮ ge̮gi̮t̕t̕śe̮. si̮le̮n veži̮s petas tupi̮l̕ vi̮le̮. ve̮t̕t̕śas}
366 1280 1653 1320 du zu holen!» Der ńorim schickt den wolf aus. Der wolf bringt
365 1341 1654 1376 seil von mörserkeulendicke. Der ńorim schilt den wolf und schickt
365 1402 1654 1442 den fuchs aus. Der fuchs bringt haardickes. Der ńorim muss
364 1459 1654 1503 selbst hingehen um seil zu holen. Während er hinzieht [um seil
364 1520 1652 1562 zu suchen] fressen der bär, der wolf und der fuchs den ochsen
364 1581 1650 1622 auf. In sein fell thun sie tangelzweige, selber trotten sie davon.
366 1641 1650 1681 Der ńorim kommt herbei, schirrt den [mit tangelzweigen gefüllten]
366 1702 1653 1742 ochsen wieder an, setzt sich und beginnt zu singen. Der ochse
365 1761 1653 1802 rührt sich nicht. Der ńorim schlägt den ochsen. Der ochse fällt
364 1821 1653 1860 hin. Der ńorim untersucht den ochsen und bemerkt, dass sie den
365 1881 1654 1923 ochsen mit tangelgezweigen vollgestopft haben. Der ńorim schüt-
364 1941 1652 1984 telt die tangelzweige aus dem fell heraus, lädt sich das fell auf
365 2001 1383 2044 den rücken und geht heim. — Er lebt heute noch.
982 2128 1033 2155 22.
599 2200 1421 2235 Der wolf und die drei mädchen.
467 2285 1652 2321 Es war einmal ein mann und eine'frau. Sie hatten drei
363 2346 1653 2389 töchter. Die alte beginnt [essen] zu braten. Ihre jüngste tochter
363 2406 1652 2442 schickt sie aus um kohlblätter zu holen. Das mädchen macht
362 2466 1650 2509 sich auf, und [vor ihr] rollt ein seidenknäuel den weg entlang.
