1815 2968
706 273 832 302 313
779 404 826 432 14.
264 474 1442 520 {olisni̮ vi̮lisni̮ eńa pia, nale̮n ve̮li zev bur ve̮v. pii̮s munis}
161 540 734 584 {gul̕ai̭tni̮, lokni̮ kutis da i šue̮:}
586 618 878 654 {»mame̮i̭, mame̮i̭,}
585 676 1022 710 {ve̮vte̮ ve̮d me̮ske̮n veži!»}
586 736 854 777 {»bur, bur pie̮i̭,}
583 796 928 838 {je̮v-torse̮ śoji̮štam.»}
534 859 882 897 {5. »mame̮i̭, mame̮i̭,}
586 916 1022 957 {me̮ste̮ ve̮d porśe̮n veži!»}
585 977 849 1018 {»bur, bur pie̮i̭,}
583 1037 928 1079 {ja̭i̭-torse̮ śoji̮štam.»}
586 1099 880 1136 {»mame̮i̭, mame̮i̭,}
522 1157 988 1199 {10. porśte̮ ve̮d i̮že̮n veži!»}
584 1219 850 1259 {»bur, bur pie̮i̭,}
586 1280 917 1311 {vurunse̮ ši̮ri̮štam.»}
586 1340 882 1379 {»mame̮i̭, mame̮i̭,}
778 1489 826 1518 14.
265 1561 1443 1599 Es war einmal eine mutter und ein sohn, die hatten ein sehr
160 1621 1442 1662 gutes pferd. Der knabe machte sich auf die reise, kehrte zurück
160 1682 344 1721 und sagt:
225 1759 711 1797 »Mütterchen, mütterchen,
226 1818 1216 1859 das pferd habe ich ja gegen eine kuh vertauscht!»
224 1879 756 1919 »Gut, mein wackerer junge,
225 1938 1187 1979 ein bisschen milch kriegen wir [also] zu trinken.»
174 2000 713 2038 5. »Mütterchen, mütterchen,
224 2059 1236 2101 ich habe ja die kuh gegen ein schwein vertauscht!»
223 2120 742 2161 »Gut mein wackerer junge,
224 2180 1166 2221 ein bisschen fleisch kriegen wir [also] zu essen.»
222 2240 710 2279 »Mütterchen, mütterchen,
160 2298 1262 2341 10. ich habe ja das schwein gegen ein schaf vertauscht!»
223 2360 757 2400 »Gut, mein wackerer junge,
223 2419 885 2453 da scheren wir ihm die wolle ab.»
222 2480 711 2518 »Mütterchen, mütterchen,
