1821 2973
936 273 1127 302 — 242 —
713 367 1306 406 {ve̮l̕i̮ś e̮me̮i̭ kaźalin t̕śḙt̕t̕śi̮ni̮ te̮?!}
713 427 1297 468 {ve̮l̕i̮ś e̮me̮i̭ kažalin mi̮śśi̮ni̮ te̮?!}
663 487 1369 527 {5. ve̮l̕i̮ś e̮me̮i̭ kaźalin kokte̮ ke̮mavni̮?!}
713 548 1347 589 {ve̮l̕i̮ś e̮me̮i̭ kaźalin jurte̮ si̮navni̮?!}
712 609 1249 648 {kńa̭źma lokte̮, tom orde̮ lokte̮}
712 670 978 711 {juni̮ da śoi̭ni̮!}
712 729 1316 769 {zev ve̮d menam ki̮ne̮me̮i̭ śumale̮,}
650 790 1256 831 {10. zev ve̮d menam gorše̮i̭ kośme̮.}
711 850 1183 892 {jura lokte̮, jurbite̮m jura,}
713 911 1263 952 {koska lokte̮ koske̮d̕ź poklone̮n,
712 971 1353 1013 {t̕śuń-pon lokte̮ i̮₍dži̮d perna-pase̮n,}
712 1032 1285 1071 {vom-dor lokte̮ i̮₍dži̮d mol̕itvae̮n,}
651 1092 1219 1134 {15. soi̭-ji̮v lokte̮ i̮₍dži̮d koźine̮n!}
456 1402 1234 1443 Oder gedachtest du gerade aufzustehn?!
455 1462 1351 1503 Oder gedachtest du dich gerade zu waschen?!
404 1521 1368 1563 5. Oder gedachtest du gerade schuhe anzuziehn?!
455 1582 1504 1623 Oder gedachtest du dir gerade den kopf zu bürsten?!
455 1641 1550 1682 Die fürstin kommt, zu dem jungen [fürsten] sie kommt
453 1702 1025 1735 um zu trinken und zu essen!
455 1762 1032 1803 Heftigen hunger verspüre ich,
390 1822 925 1863 10. heftigen durst ich fühle.
454 1882 1347 1922 Eine hochstehende kommt gesenkten hauptes,
452 1940 1477 1982 eine schöngewachsene kommt mit tiefer verbeugung,
451 1999 1676 2042 mit einem grossen kreuzeszeichen in ihren fingerspitzen langt
1208 2061 1333 2099 sie an,
454 2120 1350 2161 ein grosses gebet auf den lippen langt sie an,
389 2180 1414 2222 15. ein grosses geschenk auf dem arme langt sie an!
