1837 2966
741 265 912 294 — 93 —
188 355 1471 397 {kutis kate̮dni̮ muži̮ki̮sli̮. pev-ne̮ši̮s petis kore̮ś uli̮ś da i šue̮: »matuška,}
187 415 1472 456 {vai̭, me kate̮da ńa̭ńte̮!» baba śetis pevli̮ i sije̮ kutis kate̮dni̮. muži̮k}
187 475 1472 518 {ad̕d̕źe̮ ńa̭ńi̮s mue̮di̮s lokte̮. pev vajis ńa̭ńse̮. muži̮k kutis śoi̭ni̮. pev-}
188 536 1474 578 {ne̮š šue̮: »vai̭, me ge̮ra!» muži̮k šue̮: »ge̮r!» pev kajas ge̮r vi̮le̮ da i}
188 596 1474 639 {kutas ge̮rni̮. pop mune̮ seti da i šue̮ muži̮kli̮: »on vuzav taje̮s?»}
188 658 1475 699 {»vuzala, veti̮·mi̮n t̕śe̮lke̮ve̮i̭-ke̮ śetan.» »śeta.» pop śetas d̕ḙńgase̮, pev-}
189 718 1474 758 {ne̮ške̮s bośtas da i źeptas śujas. pev-ne̮š rože̮das źepse̮, stav d̕ḙńgase̮}
187 778 1472 819 {gi̮le̮das da i źeptas sitalas. a₍t̕śi̮s petas źepśi̮s, stav d̕ḙńgase̮ e̮ktas,}
188 836 1474 876 {munas be̮r da i śuas muži̮kli̮: »munam popli̮ś e̮š nat̕śki̮ni̮!» munasni̮}
189 897 1474 938 {da i nale̮n ńine̮m abu, purt ńi t̕śer. pev-ne̮š pi̮ras pop orde̮ da i}
190 956 1472 999 {šuas: »t̕e̮tuška, vai̭li̮ purtte!» pev-ne̮š purtse̮ bośtas džadž dorśi̮s, da}
189 1017 1473 1059 {i nale̮n t̕śeri̮s abu. pev-ne̮š bara kajas da i šuas: »t̕e̮tuška, vai̭li̮}
190 1147 1474 1188 unter die schwelle, ging unter den reiserbesen. Das weib machte
188 1207 1475 1247 sich auf um ihrem manne brot zu bringen. Der daumenstumpf
188 1267 1474 1310 begab sich unter dem reiserbesen hervor und sagt: »Liebes müt-
189 1326 1472 1367 terchen, lass mich das brot tragen!» Das weib gab [es] dem dau-
190 1386 1472 1427 men, und dieser begann es zu tragen. Der mann sieht das brot
189 1447 1473 1481 über den erdboden herankommen. Der daumen brachte das brot
188 1506 1470 1547 herbei. Der mann begann zu essen. Der daumenstumpf sagt:
189 1566 1473 1608 »Lass mich doch pflügen!» Der mann sagt: »Pflüge!» Der dau-
190 1626 1474 1667 men klettert auf den pflug und beginnt zu pflügen. Der priester
190 1686 1472 1726 kommt da vorbei und spricht zu dem manne: »Verkaufst du diesen
192 1747 1474 1789 [daumen] nicht?» »Doch, gib fünfzig rubel, so bekommst du ihn.»
189 1805 1473 1849 »lch gebe [sie].» Der priester gibt das geld, nimmt den daumen-
189 1866 1473 1909 stumpf und steckt [ihn] in die tasche. Der daumenstumpf macht
189 1927 1474 1967 ein loch in die tasche, alles geld schüttelt er heraus [aus der
188 1986 1474 2029 tasche] und scheisst in die tasche. Er selber macht sich aus der
188 2047 1474 2087 tasche fort, sammelt alles geld, geht zurück und sagt zu dem
189 2106 1476 2148 mann: »Lass uns hingehen um des priesters ochsen zu schlachten!»
190 2165 1474 2205 Sie machen sich auf, aber da haben sie nichts [bei sich], weder
189 2225 1474 2266 ein messer noch ein beil. Der daumenstumpf geht in den pfarr-
188 2286 1473 2328 hof hinein und sagt: »Liebes tantchen, gib doch dein messer her.»
190 2346 1473 2387 Der daumenstumpf nimmt das messer vom rande des geschirr-
187 2406 1471 2446 bretts, aber da haben sie auch kein beil. Der daumenstumpf geht
186 2465 1474 2508 wieder hin und sagt: »Liebes tantchen, gib mir doch dein beil!»
