1802 2953
925 282 1119 311 — 198 —
595 374 1073 415 {me vi̮li̮n zle̮d̕e̮i̭ vi̮ji̮m. —}
597 434 1094 476 {»je₍dži̮d juśe̮i̭, mi₍t̕śa ni̮le̮i̭,}
548 494 1053 534 5. mi̮l̕a te me vi̮le̮ le̮gaśin?}
596 553 1083 595 {al̕i me̮dte̮ pondin l̕ubitni̮?}
595 615 1404 657 {munam meke̮d kazań ge̮ra vi̮le̮ gul̕a̭i̭tni̮!»}
599 674 840 713 {ni̮li̮s i šui̭is:}
596 738 933 776 {»me pḙ sen a₍t̕śi̮m}
535 795 971 836 {10. bi̮dmi das-vit are̮d̕ź,}
594 855 922 897 {gul̕a̭ńka vi̮le̮ peti,}
595 915 936 956 {zonjas śile̮m vi̮le̮.»}
594 976 848 1008 {zonmi̮s i šue̮:}
597 1035 958 1075 {»kazań ge̮ra vi̮lad}
533 1095 1070 1136 {15. bi̮de̮n sakar-jurjas sulale̮,}
595 1155 1005 1196 {gi̮ri̮ś šorjas vizuvte̮ni̮:}
597 1215 992 1256 {bi̮de̮n seni ge̮rd vina,}
595 1275 1067 1317 {posńi šorjasi̮s ke̮ vizuvte̮,}
596 1337 990 1369 {bi̮de̮n seni se̮d̕ź vina.}
440 1485 1045 1518 bedrückt kummer meinen sinn.
441 1545 1450 1585 »Mein weisses schwänchen, mein schönes mägdelein,
392 1605 1018 1638 5. warum wurdest du mir böse?
440 1665 1385 1705 Vielleicht begannst du einen anderen zu lieben?
441 1725 1665 1766 Lass uns zusammen auf den berg von Kasan spazieren gehen!»
442 1785 929 1825 Und das mädchen sagte:
441 1845 793 1878 »Da bin ich selbst
379 1905 1378 1946 10. bis zu meinem fünfzehnten jahre aufgewachsen,
441 1965 1257 2006 ich besuchte [da] die abendgesellschaften,
441 2026 1072 2066 die gesangabende der burschen.»
442 2086 805 2126 Der bursche sagte:
439 2145 973 2185 »Auf dem berge von Kasan
377 2206 950 2244 15. stehen überall zuckerhüte,
440 2266 870 2305 strömen grosse bäche:
440 2325 1102 2365 in diesen [strömt] nur roter wein,
440 2385 1076 2426 wenn [da] kleine bäche strömen,
440 2445 1072 2478 so ist in diesen nur klarer wein.
